code,time,price,volume,turnover,ticker_direction,sequence,type,push_data_type
HK.999010,2020-07-30 02:59:40,24914.0,1,24914.0,NEUTRAL,6854979030907617306,AUTO_MATCH,CACHE
HK.999010,2020-07-30 09:14:00,24967.0,20,499340.0,NEUTRAL,6855075495873085997,AUTO_MATCH,REALTIME
HK.999010,2020-07-30 09:15:00,24950.0,2,49900.0,SELL,6855075753571123215,AUTO_MATCH,REALTIME
HK.999010,2020-07-30 09:15:00,24950.0,2,49900.0,SELL,6855075753571123218,AUTO_MATCH,REALTIME
HK.999010,2020-07-30 09:15:00,24950.0,1,24950.0,SELL,6855075753571123229,AUTO_MATCH,REALTIME
HK.999010,2020-07-30 09:15:00,24950.0,1,24950.0,SELL,6855075753571123270,AUTO_MATCH,REALTIME
HK.999010,2020-07-30 09:15:00,24950.0,1,24950.0,SELL,6855075753571123345,AUTO_MATCH,REALTIME
HK.999010,2020-07-30 09:15:00,24950.0,3,74850.0,SELL,6855075753571123348,AUTO_MATCH,REALTIME
HK.999010,2020-07-30 09:15:00,24945.0,2,49890.0,SELL,6855075753571123379,AUTO_MATCH,REALTIME
HK.999010,2020-07-30 09:15:00,24947.0,2,49894.0,NEUTRAL,6855075753571123494,AUTO_MATCH,REALTIME
HK.999010,2020-07-30 09:15:00,24948.0,2,49896.0,NEUTRAL,6855075753571123497,AUTO_MATCH,REALTIME
HK.999010,2020-07-30 09:15:00,24938.0,1,24938.0,SELL,6855075753571123638,AUTO_MATCH,REALTIME
HK.999010,2020-07-30 09:15:01,24952.0,1,24952.0,BUY,6855075757866090653,AUTO_MATCH,REALTIME
HK.999010,2020-07-30 09:15:01,24965.0,1,24965.0,BUY,6855075757866090728,AUTO_MATCH,REALTIME
HK.999010,2020-07-30 09:15:01,24962.0,1,24962.0,SELL,6855075757866090775,AUTO_MATCH,REALTIME
HK.999010,2020-07-30 09:15:01,24960.0,1,24960.0,SELL,6855075757866090778,AUTO_MATCH,REALTIME
HK.999010,2020-07-30 09:15:01,24959.0,2,49918.0,SELL,6855075757866090789,AUTO_MATCH,REALTIME
HK.999010,2020-07-30 09:15:01,24962.0,1,24962.0,SELL,6855075757866090820,AUTO_MATCH,REALTIME
HK.999010,2020-07-30 09:15:01,24958.0,1,24958.0,SELL,6855075757866090835,AUTO_MATCH,REALTIME
HK.999010,2020-07-30 09:15:01,24956.0,1,24956.0,SELL,6855075757866090874,AUTO_MATCH,REALTIME
HK.999010,2020-07-30 09:15:01,24954.0,1,24954.0,SELL,6855075757866090877,AUTO_MATCH,REALTIME
HK.999010,2020-07-30 09:15:01,24958.0,1,24958.0,SELL,6855075757866090914,AUTO_MATCH,REALTIME
HK.999010,2020-07-30 09:15:01,24956.0,1,24956.0,SELL,6855075757866090932,AUTO_MATCH,REALTIME
HK.999010,2020-07-30 09:15:01,24952.0,1,24952.0,BUY,6855075757866090987,AUTO_MATCH,REALTIME
HK.999010,2020-07-30 09:15:02,24954.0,1,24954.0,BUY,6855075762161057803,AUTO_MATCH,REALTIME
HK.999010,2020-07-30 09:15:02,24958.0,1,24958.0,BUY,6855075762161057825,AUTO_MATCH,REALTIME
HK.999010,2020-07-30 09:15:02,24960.0,1,24960.0,BUY,6855075762161057828,AUTO_MATCH,REALTIME
HK.999010,2020-07-30 09:15:02,24962.0,1,24962.0,BUY,6855075762161057831,AUTO_MATCH,REALTIME
HK.999010,2020-07-30 09:15:02,24962.0,1,24962.0,BUY,6855075762161057838,AUTO_MATCH,REALTIME
HK.999010,2020-07-30 09:15:02,24960.0,1,24960.0,BUY,6855075762161057845,AUTO_MATCH,REALTIME
HK.999010,2020-07-30 09:15:02,24958.0,1,24958.0,BUY,6855075762161057852,AUTO_MATCH,REALTIME
HK.999010,2020-07-30 09:15:02,24958.0,1,24958.0,BUY,6855075762161057890,AUTO_MATCH,REALTIME
HK.999010,2020-07-30 09:15:02,24960.0,1,24960.0,BUY,6855075762161057909,AUTO_MATCH,REALTIME
HK.999010,2020-07-30 09:15:02,24962.0,1,24962.0,BUY,6855075762161057916,AUTO_MATCH,REALTIME
HK.999010,2020-07-30 09:15:02,24958.0,1,24958.0,SELL,6855075762161057919,AUTO_MATCH,REALTIME
HK.999010,2020-07-30 09:15:02,24956.0,1,24956.0,SELL,6855075762161057942,AUTO_MATCH,REALTIME
HK.999010,2020-07-30 09:15:02,24954.0,1,24954.0,SELL,6855075762161057957,AUTO_MATCH,REALTIME
HK.999010,2020-07-30 09:15:03,24956.0,1,24956.0,BUY,6855075766456025098,AUTO_MATCH,REALTIME
HK.999010,2020-07-30 09:15:03,24956.0,1,24956.0,NEUTRAL,6855075766456025121,AUTO_MATCH,REALTIME
HK.999010,2020-07-30 09:15:03,24956.0,15,374340.0,NEUTRAL,6855075766456025151,AUTO_MATCH,REALTIME
HK.999010,2020-07-30 09:15:03,24948.0,1,24948.0,SELL,6855075766456025250,AUTO_MATCH,REALTIME
HK.999010,2020-07-30 09:15:04,24943.0,1,24943.0,NEUTRAL,6855075770750992490,AUTO_MATCH,REALTIME
HK.999010,2020-07-30 09:15:04,24938.0,1,24938.0,SELL,6855075770750992524,AUTO_MATCH,REALTIME
HK.999010,2020-07-30 09:15:04,24937.0,1,24937.0,SELL,6855075770750992539,AUTO_MATCH,REALTIME
HK.999010,2020-07-30 09:15:04,24936.0,1,24936.0,SELL,6855075770750992542,AUTO_MATCH,REALTIME
HK.999010,2020-07-30 09:15:04,24936.0,1,24936.0,NEUTRAL,6855075770750992627,AUTO_MATCH,REALTIME
HK.999010,2020-07-30 09:15:04,24936.0,1,24936.0,NEUTRAL,6855075770750992668,AUTO_MATCH,REALTIME
HK.999010,2020-07-30 09:15:04,24936.0,1,24936.0,NEUTRAL,6855075770750992694,AUTO_MATCH,REALTIME
HK.999010,2020-07-30 09:15:04,24937.0,1,24937.0,NEUTRAL,6855075770750992701,AUTO_MATCH,REALTIME
HK.999010,2020-07-30 09:15:05,24935.0,1,24935.0,SELL,6855075775045959707,AUTO_MATCH,REALTIME
HK.999010,2020-07-30 09:15:05,24934.0,1,24934.0,SELL,6855075775045959730,AUTO_MATCH,REALTIME
HK.999010,2020-07-30 09:15:05,24933.0,1,24933.0,SELL,6855075775045959745,AUTO_MATCH,REALTIME
HK.999010,2020-07-30 09:15:05,24936.0,1,24936.0,BUY,6855075775045959822,AUTO_MATCH,REALTIME
HK.999010,2020-07-30 09:15:05,24938.0,1,24938.0,BUY,6855075775045959860,AUTO_MATCH,REALTIME
HK.999010,2020-07-30 09:15:06,24942.0,1,24942.0,BUY,6855075779340927008,AUTO_MATCH,REALTIME
HK.999010,2020-07-30 09:15:06,24940.0,1,24940.0,BUY,6855075779340927015,AUTO_MATCH,REALTIME
HK.999010,2020-07-30 09:15:06,24936.0,1,24936.0,SELL,6855075779340927167,AUTO_MATCH,REALTIME
HK.999010,2020-07-30 09:15:06,24934.0,1,24934.0,SELL,6855075779340927218,AUTO_MATCH,REALTIME
HK.999010,2020-07-30 09:15:06,24931.0,2,49862.0,SELL,6855075779340927229,AUTO_MATCH,REALTIME
HK.999010,2020-07-30 09:15:06,24932.0,2,49864.0,SELL,6855075779340927232,AUTO_MATCH,REALTIME
HK.999010,2020-07-30 09:15:06,24936.0,1,24936.0,SELL,6855075779340927337,AUTO_MATCH,REALTIME
HK.999010,2020-07-30 09:15:07,24945.0,1,24945.0,BUY,6855075783635894327,AUTO_MATCH,REALTIME
HK.999010,2020-07-30 09:15:07,24946.0,1,24946.0,BUY,6855075783635894331,AUTO_MATCH,REALTIME
HK.999010,2020-07-30 09:15:07,24948.0,1,24948.0,SELL,6855075783635894369,AUTO_MATCH,REALTIME
HK.999010,2020-07-30 09:15:08,24946.0,1,24946.0,NEUTRAL,6855075787930861610,AUTO_MATCH,REALTIME
HK.999010,2020-07-30 09:15:08,24950.0,1,24950.0,BUY,6855075787930861693,AUTO_MATCH,REALTIME
HK.999010,2020-07-30 09:15:09,24950.0,1,24950.0,BUY,6855075792225828875,AUTO_MATCH,REALTIME
HK.999010,2020-07-30 09:15:09,24948.0,1,24948.0,SELL,6855075792225828910,AUTO_MATCH,REALTIME
HK.999010,2020-07-30 09:15:09,24946.0,1,24946.0,SELL,6855075792225828925,AUTO_MATCH,REALTIME
HK.999010,2020-07-30 09:15:09,24944.0,1,24944.0,SELL,6855075792225828944,AUTO_MATCH,REALTIME
HK.999010,2020-07-30 09:15:09,24946.0,1,24946.0,SELL,6855075792225828965,AUTO_MATCH,REALTIME
HK.999010,2020-07-30 09:15:09,24940.0,1,24940.0,SELL,6855075792225829012,AUTO_MATCH,REALTIME
HK.999010,2020-07-30 09:15:09,24942.0,1,24942.0,BUY,6855075792225829027,AUTO_MATCH,REALTIME
HK.999010,2020-07-30 09:15:09,24944.0,1,24944.0,BUY,6855075792225829030,AUTO_MATCH,REALTIME
HK.999010,2020-07-30 09:15:09,24944.0,3,74832.0,BUY,6855075792225829040,AUTO_MATCH,REALTIME
HK.999010,2020-07-30 09:15:09,24940.0,1,24940.0,NEUTRAL,6855075792225829063,AUTO_MATCH,REALTIME
HK.999010,2020-07-30 09:15:09,24942.0,1,24942.0,BUY,6855075792225829074,AUTO_MATCH,REALTIME
HK.999010,2020-07-30 09:15:09,24940.0,1,24940.0,SELL,6855075792225829113,AUTO_MATCH,REALTIME
HK.999010,2020-07-30 09:15:09,24936.0,2,49872.0,SELL,6855075792225829167,AUTO_MATCH,REALTIME
HK.999010,2020-07-30 09:15:09,24934.0,1,24934.0,SELL,6855075792225829214,AUTO_MATCH,REALTIME
HK.999010,2020-07-30 09:15:10,24931.0,1,24931.0,SELL,6855075796520796220,AUTO_MATCH,REALTIME
HK.999010,2020-07-30 09:15:10,24932.0,1,24932.0,BUY,6855075796520796235,AUTO_MATCH,REALTIME
HK.999010,2020-07-30 09:15:10,24938.0,1,24938.0,BUY,6855075796520796299,AUTO_MATCH,REALTIME
HK.999010,2020-07-30 09:15:11,24940.0,1,24940.0,NEUTRAL,6855075800815763487,AUTO_MATCH,REALTIME
HK.999010,2020-07-30 09:15:11,24948.0,1,24948.0,NEUTRAL,6855075800815763581,AUTO_MATCH,REALTIME
HK.999010,2020-07-30 09:15:12,24948.0,1,24948.0,BUY,6855075805110730759,AUTO_MATCH,REALTIME
HK.999010,2020-07-30 09:15:12,24946.0,1,24946.0,NEUTRAL,6855075805110730766,AUTO_MATCH,REALTIME
HK.999010,2020-07-30 09:15:12,24950.0,1,24950.0,BUY,6855075805110730769,AUTO_MATCH,REALTIME
HK.999010,2020-07-30 09:15:12,24950.0,1,24950.0,BUY,6855075805110730772,AUTO_MATCH,REALTIME
HK.999010,2020-07-30 09:15:12,24951.0,1,24951.0,NEUTRAL,6855075805110730811,AUTO_MATCH,REALTIME
HK.999010,2020-07-30 09:15:12,24953.0,1,24953.0,BUY,6855075805110730866,AUTO_MATCH,REALTIME
HK.999010,2020-07-30 09:15:13,24958.0,1,24958.0,SELL,6855075809405698051,AUTO_MATCH,REALTIME
HK.999010,2020-07-30 09:15:13,24954.0,1,24954.0,SELL,6855075809405698118,AUTO_MATCH,REALTIME
HK.999010,2020-07-30 09:15:13,24954.0,1,24954.0,SELL,6855075809405698129,AUTO_MATCH,REALTIME
HK.999010,2020-07-30 09:15:13,24952.0,1,24952.0,SELL,6855075809405698132,AUTO_MATCH,REALTIME
HK.999010,2020-07-30 09:15:13,24951.0,1,24951.0,SELL,6855075809405698139,AUTO_MATCH,REALTIME
HK.999010,2020-07-30 09:15:13,24950.0,1,24950.0,SELL,6855075809405698142,AUTO_MATCH,REALTIME
HK.999010,2020-07-30 09:15:13,24949.0,1,24949.0,SELL,6855075809405698168,AUTO_MATCH,REALTIME
HK.999010,2020-07-30 09:15:13,24948.0,1,24948.0,SELL,6855075809405698171,AUTO_MATCH,REALTIME
HK.999010,2020-07-30 09:15:13,24947.0,1,24947.0,SELL,6855075809405698174,AUTO_MATCH,REALTIME
HK.999010,2020-07-30 09:15:13,24946.0,1,24946.0,SELL,6855075809405698201,AUTO_MATCH,REALTIME
HK.999010,2020-07-30 09:15:13,24948.0,1,24948.0,BUY,6855075809405698212,AUTO_MATCH,REALTIME
HK.999010,2020-07-30 09:15:14,24946.0,1,24946.0,NEUTRAL,6855075813700665351,AUTO_MATCH,REALTIME
HK.999010,2020-07-30 09:15:14,24946.0,1,24946.0,NEUTRAL,6855075813700665372,AUTO_MATCH,REALTIME
HK.999010,2020-07-30 09:15:14,24956.0,1,24956.0,NEUTRAL,6855075813700665435,AUTO_MATCH,REALTIME
HK.999010,2020-07-30 09:15:14,24957.0,1,24957.0,BUY,6855075813700665442,AUTO_MATCH,REALTIME
HK.999010,2020-07-30 09:15:14,24957.0,1,24957.0,BUY,6855075813700665449,AUTO_MATCH,REALTIME
HK.999010,2020-07-30 09:15:14,24954.0,1,24954.0,NEUTRAL,6855075813700665468,AUTO_MATCH,REALTIME
HK.999010,2020-07-30 09:15:14,24948.0,1,24948.0,SELL,6855075813700665515,AUTO_MATCH,REALTIME
HK.999010,2020-07-30 09:15:14,24952.0,1,24952.0,BUY,6855075813700665534,AUTO_MATCH,REALTIME
HK.999010,2020-07-30 09:15:14,24954.0,1,24954.0,BUY,6855075813700665573,AUTO_MATCH,REALTIME
HK.999010,2020-07-30 09:15:15,24952.0,1,24952.0,SELL,6855075817995632690,AUTO_MATCH,REALTIME
HK.999010,2020-07-30 09:15:15,24952.0,1,24952.0,SELL,6855075817995632776,AUTO_MATCH,REALTIME
HK.999010,2020-07-30 09:15:16,24952.0,1,24952.0,BUY,6855075822290599975,AUTO_MATCH,REALTIME
HK.999010,2020-07-30 09:15:16,24950.0,1,24950.0,SELL,6855075822290600010,AUTO_MATCH,REALTIME
HK.999010,2020-07-30 09:15:16,24950.0,1,24950.0,SELL,6855075822290600021,AUTO_MATCH,REALTIME
HK.999010,2020-07-30 09:15:16,24950.0,1,24950.0,SELL,6855075822290600059,AUTO_MATCH,REALTIME
HK.999010,2020-07-30 09:15:16,24950.0,1,24950.0,SELL,6855075822290600094,AUTO_MATCH,REALTIME
HK.999010,2020-07-30 09:15:18,24950.0,1,24950.0,BUY,6855075830880534531,AUTO_MATCH,REALTIME
HK.999010,2020-07-30 09:15:19,24942.0,1,24942.0,SELL,6855075835175501884,AUTO_MATCH,REALTIME
HK.999010,2020-07-30 09:15:19,24944.0,1,24944.0,NEUTRAL,6855075835175501934,AUTO_MATCH,REALTIME
HK.999010,2020-07-30 09:15:20,24944.0,1,24944.0,SELL,6855075839470469123,AUTO_MATCH,REALTIME
HK.999010,2020-07-30 09:15:20,24944.0,1,24944.0,SELL,6855075839470469180,AUTO_MATCH,REALTIME
HK.999010,2020-07-30 09:15:20,24944.0,1,24944.0,SELL,6855075839470469194,AUTO_MATCH,REALTIME
HK.999010,2020-07-30 09:15:20,24944.0,1,24944.0,BUY,6855075839470469271,AUTO_MATCH,REALTIME
HK.999010,2020-07-30 09:15:20,24944.0,1,24944.0,BUY,6855075839470469278,AUTO_MATCH,REALTIME
HK.999010,2020-07-30 09:15:20,24943.0,1,24943.0,NEUTRAL,6855075839470469293,AUTO_MATCH,REALTIME
HK.999010,2020-07-30 09:15:20,24942.0,1,24942.0,SELL,6855075839470469296,AUTO_MATCH,REALTIME
HK.999010,2020-07-30 09:15:21,24942.0,2,49884.0,SELL,6855075843765436423,AUTO_MATCH,REALTIME
HK.999010,2020-07-30 09:15:21,24946.0,1,24946.0,BUY,6855075843765436469,AUTO_MATCH,REALTIME
HK.999010,2020-07-30 09:15:21,24948.0,1,24948.0,BUY,6855075843765436476,AUTO_MATCH,REALTIME
HK.999010,2020-07-30 09:15:22,24941.0,2,49882.0,SELL,6855075848060403723,AUTO_MATCH,REALTIME
HK.999010,2020-07-30 09:15:22,24941.0,3,74823.0,SELL,6855075848060403738,AUTO_MATCH,REALTIME
HK.999010,2020-07-30 09:15:23,24942.0,1,24942.0,BUY,6855075852355371011,AUTO_MATCH,REALTIME
HK.999010,2020-07-30 09:15:23,24940.0,1,24940.0,SELL,6855075852355371033,AUTO_MATCH,REALTIME
HK.999010,2020-07-30 09:15:23,24940.0,1,24940.0,SELL,6855075852355371036,AUTO_MATCH,REALTIME
HK.999010,2020-07-30 09:15:23,24940.0,1,24940.0,SELL,6855075852355371051,AUTO_MATCH,REALTIME
HK.999010,2020-07-30 09:15:24,24940.0,2,49880.0,SELL,6855075856650338307,AUTO_MATCH,REALTIME
HK.999010,2020-07-30 09:15:24,24940.0,1,24940.0,NEUTRAL,6855075856650338336,AUTO_MATCH,REALTIME
HK.999010,2020-07-30 09:15:24,24941.0,1,24941.0,BUY,6855075856650338343,AUTO_MATCH,REALTIME
HK.999010,2020-07-30 09:15:24,24942.0,1,24942.0,BUY,6855075856650338346,AUTO_MATCH,REALTIME
HK.999010,2020-07-30 09:15:24,24942.0,1,24942.0,BUY,6855075856650338349,AUTO_MATCH,REALTIME
HK.999010,2020-07-30 09:15:24,24938.0,1,24938.0,SELL,6855075856650338398,AUTO_MATCH,REALTIME
HK.999010,2020-07-30 09:15:25,24939.0,1,24939.0,NEUTRAL,6855075860945305603,AUTO_MATCH,REALTIME
HK.999010,2020-07-30 09:15:25,24936.0,1,24936.0,SELL,6855075860945305640,AUTO_MATCH,REALTIME
HK.999010,2020-07-30 09:15:26,24942.0,1,24942.0,BUY,6855075865240272929,AUTO_MATCH,REALTIME
HK.999010,2020-07-30 09:15:26,24943.0,1,24943.0,BUY,6855075865240272936,AUTO_MATCH,REALTIME
HK.999010,2020-07-30 09:15:26,24944.0,1,24944.0,BUY,6855075865240272939,AUTO_MATCH,REALTIME
HK.999010,2020-07-30 09:15:27,24940.0,1,24940.0,SELL,6855075869535240231,AUTO_MATCH,REALTIME
HK.999010,2020-07-30 09:15:28,24942.0,1,24942.0,BUY,6855075873830207523,AUTO_MATCH,REALTIME
HK.999010,2020-07-30 09:15:28,24942.0,1,24942.0,BUY,6855075873830207530,AUTO_MATCH,REALTIME
HK.999010,2020-07-30 09:15:28,24938.0,1,24938.0,SELL,6855075873830207549,AUTO_MATCH,REALTIME
HK.999010,2020-07-30 09:15:29,24937.0,1,24937.0,SELL,6855075878125174799,AUTO_MATCH,REALTIME
HK.999010,2020-07-30 09:15:30,24940.0,1,24940.0,SELL,6855075882420142102,AUTO_MATCH,REALTIME
HK.999010,2020-07-30 09:15:30,24942.0,1,24942.0,NEUTRAL,6855075882420142109,AUTO_MATCH,REALTIME
HK.999010,2020-07-30 09:15:30,24944.0,1,24944.0,BUY,6855075882420142160,AUTO_MATCH,REALTIME
HK.999010,2020-07-30 09:15:30,24944.0,1,24944.0,BUY,6855075882420142163,AUTO_MATCH,REALTIME
HK.999010,2020-07-30 09:15:30,24946.0,1,24946.0,BUY,6855075882420142186,AUTO_MATCH,REALTIME
HK.999010,2020-07-30 09:15:30,24947.0,1,24947.0,BUY,6855075882420142209,AUTO_MATCH,REALTIME
HK.999010,2020-07-30 09:15:30,24945.0,1,24945.0,BUY,6855075882420142212,AUTO_MATCH,REALTIME
HK.999010,2020-07-30 09:15:30,24945.0,1,24945.0,BUY,6855075882420142227,AUTO_MATCH,REALTIME
HK.999010,2020-07-30 09:15:31,24948.0,1,24948.0,NEUTRAL,6855075886715109391,AUTO_MATCH,REALTIME
HK.999010,2020-07-30 09:15:31,24949.0,1,24949.0,BUY,6855075886715109402,AUTO_MATCH,REALTIME
HK.999010,2020-07-30 09:15:31,24948.0,1,24948.0,NEUTRAL,6855075886715109420,AUTO_MATCH,REALTIME
HK.999010,2020-07-30 09:15:31,24950.0,1,24950.0,BUY,6855075886715109431,AUTO_MATCH,REALTIME
HK.999010,2020-07-30 09:15:31,24950.0,1,24950.0,BUY,6855075886715109438,AUTO_MATCH,REALTIME
HK.999010,2020-07-30 09:15:31,24948.0,1,24948.0,NEUTRAL,6855075886715109449,AUTO_MATCH,REALTIME
HK.999010,2020-07-30 09:15:31,24951.0,1,24951.0,BUY,6855075886715109476,AUTO_MATCH,REALTIME
HK.999010,2020-07-30 09:15:31,24949.0,1,24949.0,NEUTRAL,6855075886715109479,AUTO_MATCH,REALTIME
HK.999010,2020-07-30 09:15:31,24949.0,1,24949.0,NEUTRAL,6855075886715109493,AUTO_MATCH,REALTIME
HK.999010,2020-07-30 09:15:31,24951.0,1,24951.0,BUY,6855075886715109504,AUTO_MATCH,REALTIME
HK.999010,2020-07-30 09:15:32,24952.0,1,24952.0,BUY,6855075891010076715,AUTO_MATCH,REALTIME
HK.999010,2020-07-30 09:15:33,24951.0,1,24951.0,BUY,6855075895305043986,AUTO_MATCH,REALTIME
HK.999010,2020-07-30 09:15:33,24950.0,1,24950.0,NEUTRAL,6855075895305043989,AUTO_MATCH,REALTIME
HK.999010,2020-07-30 09:15:33,24950.0,1,24950.0,NEUTRAL,6855075895305044000,AUTO_MATCH,REALTIME
HK.999010,2020-07-30 09:15:33,24950.0,1,24950.0,NEUTRAL,6855075895305044011,AUTO_MATCH,REALTIME
HK.999010,2020-07-30 09:15:33,24950.0,1,24950.0,NEUTRAL,6855075895305044014,AUTO_MATCH,REALTIME
HK.999010,2020-07-30 09:15:34,24952.0,1,24952.0,BUY,6855075899600011271,AUTO_MATCH,REALTIME
HK.999010,2020-07-30 09:15:34,24951.0,1,24951.0,NEUTRAL,6855075899600011278,AUTO_MATCH,REALTIME
HK.999010,2020-07-30 09:15:34,24951.0,1,24951.0,NEUTRAL,6855075899600011288,AUTO_MATCH,REALTIME
HK.999010,2020-07-30 09:15:34,24951.0,1,24951.0,NEUTRAL,6855075899600011291,AUTO_MATCH,REALTIME
HK.999010,2020-07-30 09:15:34,24952.0,3,74856.0,BUY,6855075899600011302,AUTO_MATCH,REALTIME
HK.999010,2020-07-30 09:15:34,24953.0,1,24953.0,BUY,6855075899600011309,AUTO_MATCH,REALTIME
HK.999010,2020-07-30 09:15:34,24954.0,2,49908.0,BUY,6855075899600011356,AUTO_MATCH,REALTIME
HK.999010,2020-07-30 09:15:34,24956.0,1,24956.0,BUY,6855075899600011401,AUTO_MATCH,REALTIME
HK.999010,2020-07-30 09:15:35,24956.0,1,24956.0,BUY,6855075903894978587,AUTO_MATCH,REALTIME
HK.999010,2020-07-30 09:15:35,24958.0,1,24958.0,BUY,6855075903894978617,AUTO_MATCH,REALTIME
HK.999010,2020-07-30 09:15:35,24961.0,1,24961.0,BUY,6855075903894978666,AUTO_MATCH,REALTIME
HK.999010,2020-07-30 09:15:35,24964.0,1,24964.0,BUY,6855075903894978715,AUTO_MATCH,REALTIME
HK.999010,2020-07-30 09:15:35,24964.0,1,24964.0,BUY,6855075903894978734,AUTO_MATCH,REALTIME
HK.999010,2020-07-30 09:15:35,24963.0,1,24963.0,BUY,6855075903894978737,AUTO_MATCH,REALTIME
HK.999010,2020-07-30 09:15:35,24966.0,1,24966.0,NEUTRAL,6855075903894978828,AUTO_MATCH,REALTIME
HK.999010,2020-07-30 09:15:35,24966.0,1,24966.0,BUY,6855075903894978835,AUTO_MATCH,REALTIME
HK.999010,2020-07-30 09:15:35,24966.0,1,24966.0,BUY,6855075903894978838,AUTO_MATCH,REALTIME
HK.999010,2020-07-30 09:15:36,24958.0,1,24958.0,BUY,6855075908189945966,AUTO_MATCH,REALTIME
HK.999010,2020-07-30 09:15:39,24954.0,1,24954.0,SELL,6855075921074847767,AUTO_MATCH,REALTIME
HK.999010,2020-07-30 09:15:40,24952.0,1,24952.0,SELL,6855075925369815051,AUTO_MATCH,REALTIME
HK.999010,2020-07-30 09:15:43,24954.0,5,124770.0,NEUTRAL,6855075938254716938,AUTO_MATCH,REALTIME
HK.999010,2020-07-30 09:15:43,24953.0,1,24953.0,SELL,6855075938254716945,AUTO_MATCH,REALTIME
HK.999010,2020-07-30 09:15:43,24951.0,1,24951.0,NEUTRAL,6855075938254716984,AUTO_MATCH,REALTIME
HK.999010,2020-07-30 09:15:44,24952.0,1,24952.0,NEUTRAL,6855075942549684269,AUTO_MATCH,REALTIME
HK.999010,2020-07-30 09:15:47,24950.0,3,74850.0,SELL,6855075955434586118,AUTO_MATCH,REALTIME
HK.999010,2020-07-30 09:15:48,24944.0,1,24944.0,SELL,6855075959729553463,AUTO_MATCH,REALTIME
HK.999010,2020-07-30 09:15:52,24944.0,1,24944.0,BUY,6855075976909422635,AUTO_MATCH,REALTIME
HK.999010,2020-07-30 09:15:52,24947.0,1,24947.0,BUY,6855075976909422733,AUTO_MATCH,REALTIME
HK.999010,2020-07-30 09:15:53,24940.0,1,24940.0,SELL,6855075981204389922,AUTO_MATCH,REALTIME
HK.999010,2020-07-30 09:15:54,24937.0,1,24937.0,SELL,6855075985499357253,AUTO_MATCH,REALTIME
HK.999010,2020-07-30 09:15:55,24936.0,1,24936.0,SELL,6855075989794324495,AUTO_MATCH,REALTIME
HK.999010,2020-07-30 09:15:55,24936.0,1,24936.0,SELL,6855075989794324498,AUTO_MATCH,REALTIME
HK.999010,2020-07-30 09:15:55,24937.0,1,24937.0,NEUTRAL,6855075989794324513,AUTO_MATCH,REALTIME
HK.999010,2020-07-30 09:15:55,24933.0,1,24933.0,SELL,6855075989794324582,AUTO_MATCH,REALTIME
HK.999010,2020-07-30 09:15:55,24932.0,1,24932.0,SELL,6855075989794324664,AUTO_MATCH,REALTIME
HK.999010,2020-07-30 09:15:56,24937.0,1,24937.0,NEUTRAL,6855075994089291795,AUTO_MATCH,REALTIME
HK.999010,2020-07-30 09:15:56,24933.0,2,49866.0,NEUTRAL,6855075994089291829,AUTO_MATCH,REALTIME
HK.999010,2020-07-30 09:15:57,24938.0,2,49876.0,BUY,6855075998384259111,AUTO_MATCH,REALTIME
HK.999010,2020-07-30 09:15:57,24938.0,1,24938.0,BUY,6855075998384259118,AUTO_MATCH,REALTIME
HK.999010,2020-07-30 09:15:57,24941.0,1,24941.0,BUY,6855075998384259165,AUTO_MATCH,REALTIME
HK.999010,2020-07-30 09:15:57,24941.0,1,24941.0,BUY,6855075998384259172,AUTO_MATCH,REALTIME
HK.999010,2020-07-30 09:15:57,24941.0,1,24941.0,BUY,6855075998384259179,AUTO_MATCH,REALTIME
HK.999010,2020-07-30 09:15:57,24941.0,1,24941.0,BUY,6855075998384259182,AUTO_MATCH,REALTIME
HK.999010,2020-07-30 09:15:57,24941.0,1,24941.0,BUY,6855075998384259185,AUTO_MATCH,REALTIME
HK.999010,2020-07-30 09:15:57,24941.0,1,24941.0,BUY,6855075998384259188,AUTO_MATCH,REALTIME
HK.999010,2020-07-30 09:15:57,24942.0,1,24942.0,BUY,6855075998384259203,AUTO_MATCH,REALTIME
HK.999010,2020-07-30 09:15:58,24937.0,1,24937.0,NEUTRAL,6855076002679226435,AUTO_MATCH,REALTIME
HK.999010,2020-07-30 09:15:59,24932.0,1,24932.0,SELL,6855076006974193696,AUTO_MATCH,REALTIME
HK.999010,2020-07-30 09:16:00,24929.0,1,24929.0,SELL,6855076011269161098,AUTO_MATCH,REALTIME
HK.999010,2020-07-30 09:16:01,24927.0,1,24927.0,SELL,6855076015564128283,AUTO_MATCH,REALTIME
HK.999010,2020-07-30 09:16:01,24925.0,1,24925.0,SELL,6855076015564128427,AUTO_MATCH,REALTIME
HK.999010,2020-07-30 09:16:02,24921.0,1,24921.0,SELL,6855076019859095641,AUTO_MATCH,REALTIME
HK.999010,2020-07-30 09:16:03,24917.0,1,24917.0,SELL,6855076024154062896,AUTO_MATCH,REALTIME
HK.999010,2020-07-30 09:16:05,24915.0,1,24915.0,SELL,6855076032743997497,AUTO_MATCH,REALTIME
HK.999010,2020-07-30 09:16:05,24915.0,1,24915.0,SELL,6855076032743997500,AUTO_MATCH,REALTIME
HK.999010,2020-07-30 09:16:05,24915.0,1,24915.0,SELL,6855076032743997547,AUTO_MATCH,REALTIME
HK.999010,2020-07-30 09:16:05,24916.0,1,24916.0,NEUTRAL,6855076032743997550,AUTO_MATCH,REALTIME
HK.999010,2020-07-30 09:16:09,24921.0,1,24921.0,SELL,6855076049923866800,AUTO_MATCH,REALTIME
HK.999010,2020-07-30 09:16:13,24924.0,1,24924.0,NEUTRAL,6855076067103735849,AUTO_MATCH,REALTIME
HK.999010,2020-07-30 09:16:13,24921.0,1,24921.0,SELL,6855076067103735856,AUTO_MATCH,REALTIME
HK.999010,2020-07-30 09:16:17,24922.0,1,24922.0,BUY,6855076084283605017,AUTO_MATCH,REALTIME
HK.999010,2020-07-30 09:16:17,24921.0,1,24921.0,NEUTRAL,6855076084283605030,AUTO_MATCH,REALTIME
HK.999010,2020-07-30 09:16:19,24920.0,1,24920.0,SELL,6855076092873539610,AUTO_MATCH,REALTIME
HK.999010,2020-07-30 09:16:19,24919.0,1,24919.0,SELL,6855076092873539617,AUTO_MATCH,REALTIME
HK.999010,2020-07-30 09:16:20,24923.0,1,24923.0,BUY,6855076097168506899,AUTO_MATCH,REALTIME
HK.999010,2020-07-30 09:16:24,24921.0,1,24921.0,SELL,6855076114348376071,AUTO_MATCH,REALTIME
HK.999010,2020-07-30 09:16:24,24922.0,1,24922.0,BUY,6855076114348376098,AUTO_MATCH,REALTIME
HK.999010,2020-07-30 09:16:24,24922.0,2,49844.0,BUY,6855076114348376105,AUTO_MATCH,REALTIME
HK.999010,2020-07-30 09:16:24,24922.0,1,24922.0,BUY,6855076114348376120,AUTO_MATCH,REALTIME
HK.999010,2020-07-30 09:16:24,24922.0,4,99688.0,BUY,6855076114348376127,AUTO_MATCH,REALTIME
HK.999010,2020-07-30 09:16:24,24922.0,2,49844.0,BUY,6855076114348376130,AUTO_MATCH,REALTIME
HK.999010,2020-07-30 09:16:24,24923.0,1,24923.0,BUY,6855076114348376141,AUTO_MATCH,REALTIME
HK.999010,2020-07-30 09:16:24,24924.0,2,49848.0,BUY,6855076114348376156,AUTO_MATCH,REALTIME
HK.999010,2020-07-30 09:16:24,24926.0,1,24926.0,BUY,6855076114348376208,AUTO_MATCH,REALTIME
HK.999010,2020-07-30 09:16:24,24929.0,1,24929.0,BUY,6855076114348376211,AUTO_MATCH,REALTIME
HK.999010,2020-07-30 09:16:25,24929.0,1,24929.0,BUY,6855076118643343391,AUTO_MATCH,REALTIME
HK.999010,2020-07-30 09:16:27,24920.0,1,24920.0,SELL,6855076127233278078,AUTO_MATCH,REALTIME
HK.999010,2020-07-30 09:16:27,24921.0,1,24921.0,SELL,6855076127233278166,AUTO_MATCH,REALTIME
HK.999010,2020-07-30 09:16:30,24912.0,1,24912.0,NEUTRAL,6855076140118179895,AUTO_MATCH,REALTIME
HK.999010,2020-07-30 09:16:32,24916.0,1,24916.0,SELL,6855076148708114439,AUTO_MATCH,REALTIME
HK.999010,2020-07-30 09:16:32,24916.0,1,24916.0,SELL,6855076148708114491,AUTO_MATCH,REALTIME
HK.999010,2020-07-30 09:16:34,24917.0,1,24917.0,SELL,6855076157298049064,AUTO_MATCH,REALTIME
HK.999010,2020-07-30 09:16:35,24921.0,1,24921.0,BUY,6855076161593016339,AUTO_MATCH,REALTIME
HK.999010,2020-07-30 09:16:37,24918.0,1,24918.0,SELL,6855076170182950951,AUTO_MATCH,REALTIME
HK.999010,2020-07-30 09:16:39,24918.0,1,24918.0,BUY,6855076178772885527,AUTO_MATCH,REALTIME
HK.999010,2020-07-30 09:16:39,24913.0,1,24913.0,SELL,6855076178772885619,AUTO_MATCH,REALTIME
HK.999010,2020-07-30 09:16:39,24916.0,18,448488.0,NEUTRAL,6855076178772885637,AUTO_MATCH,REALTIME
HK.999010,2020-07-30 09:16:39,24916.0,2,49832.0,NEUTRAL,6855076178772885640,AUTO_MATCH,REALTIME
HK.999010,2020-07-30 09:16:41,24915.0,1,24915.0,SELL,6855076187362820099,AUTO_MATCH,REALTIME
HK.999010,2020-07-30 09:16:41,24913.0,1,24913.0,NEUTRAL,6855076187362820172,AUTO_MATCH,REALTIME
HK.999010,2020-07-30 09:16:42,24912.0,1,24912.0,SELL,6855076191657787585,AUTO_MATCH,REALTIME
HK.999010,2020-07-30 09:16:42,24914.0,1,24914.0,BUY,6855076191657787611,AUTO_MATCH,REALTIME
HK.999010,2020-07-30 09:16:45,24917.0,1,24917.0,SELL,6855076204542689283,AUTO_MATCH,REALTIME
HK.999010,2020-07-30 09:16:45,24915.0,1,24915.0,SELL,6855076204542689326,AUTO_MATCH,REALTIME
HK.999010,2020-07-30 09:16:46,24915.0,1,24915.0,SELL,6855076208837656583,AUTO_MATCH,REALTIME
HK.999010,2020-07-30 09:16:46,24916.0,3,74748.0,NEUTRAL,6855076208837656617,AUTO_MATCH,REALTIME
HK.999010,2020-07-30 09:16:47,24918.0,1,24918.0,BUY,6855076213132623883,AUTO_MATCH,REALTIME
HK.999010,2020-07-30 09:16:48,24914.0,1,24914.0,NEUTRAL,6855076217427591175,AUTO_MATCH,REALTIME
HK.999010,2020-07-30 09:16:48,24913.0,1,24913.0,SELL,6855076217427591208,AUTO_MATCH,REALTIME
HK.999010,2020-07-30 09:16:48,24919.0,2,49838.0,BUY,6855076217427591226,AUTO_MATCH,REALTIME
HK.999010,2020-07-30 09:16:48,24919.0,1,24919.0,BUY,6855076217427591229,AUTO_MATCH,REALTIME
HK.999010,2020-07-30 09:16:49,24916.0,1,24916.0,SELL,6855076221722558471,AUTO_MATCH,REALTIME
HK.999010,2020-07-30 09:16:49,24915.0,1,24915.0,SELL,6855076221722558493,AUTO_MATCH,REALTIME
HK.999010,2020-07-30 09:16:50,24916.0,1,24916.0,NEUTRAL,6855076226017525811,AUTO_MATCH,REALTIME
HK.999010,2020-07-30 09:16:50,24916.0,1,24916.0,NEUTRAL,6855076226017525837,AUTO_MATCH,REALTIME
HK.999010,2020-07-30 09:16:53,24915.0,1,24915.0,NEUTRAL,6855076238902427682,AUTO_MATCH,REALTIME
HK.999010,2020-07-30 09:16:55,24913.0,1,24913.0,SELL,6855076247492362259,AUTO_MATCH,REALTIME
HK.999010,2020-07-30 09:16:56,24912.0,1,24912.0,SELL,6855076251787329547,AUTO_MATCH,REALTIME
HK.999010,2020-07-30 09:17:00,24917.0,1,24917.0,SELL,6855076268967198778,AUTO_MATCH,REALTIME
HK.999010,2020-07-30 09:17:00,24914.0,1,24914.0,SELL,6855076268967198794,AUTO_MATCH,REALTIME
HK.999010,2020-07-30 09:17:00,24915.0,1,24915.0,SELL,6855076268967198801,AUTO_MATCH,REALTIME
HK.999010,2020-07-30 09:17:00,24914.0,1,24914.0,SELL,6855076268967198812,AUTO_MATCH,REALTIME
HK.999010,2020-07-30 09:17:00,24915.0,1,24915.0,BUY,6855076268967198850,AUTO_MATCH,REALTIME
HK.999010,2020-07-30 09:17:02,24914.0,1,24914.0,BUY,6855076277557133335,AUTO_MATCH,REALTIME
HK.999010,2020-07-30 09:17:05,24914.0,1,24914.0,BUY,6855076290442035263,AUTO_MATCH,REALTIME
HK.999010,2020-07-30 09:17:05,24911.0,1,24911.0,SELL,6855076290442035266,AUTO_MATCH,REALTIME
HK.999010,2020-07-30 09:17:05,24910.0,1,24910.0,SELL,6855076290442035411,AUTO_MATCH,REALTIME
HK.999010,2020-07-30 09:17:05,24909.0,1,24909.0,NEUTRAL,6855076290442035430,AUTO_MATCH,REALTIME
HK.999010,2020-07-30 09:17:08,24911.0,1,24911.0,BUY,6855076303326937095,AUTO_MATCH,REALTIME
HK.999010,2020-07-30 09:17:08,24911.0,1,24911.0,BUY,6855076303326937102,AUTO_MATCH,REALTIME
HK.999010,2020-07-30 09:17:08,24911.0,5,124555.0,BUY,6855076303326937105,AUTO_MATCH,REALTIME
HK.999010,2020-07-30 09:17:08,24911.0,1,24911.0,BUY,6855076303326937108,AUTO_MATCH,REALTIME
HK.999010,2020-07-30 09:17:08,24911.0,2,49822.0,BUY,6855076303326937111,AUTO_MATCH,REALTIME
HK.999010,2020-07-30 09:17:08,24911.0,1,24911.0,BUY,6855076303326937114,AUTO_MATCH,REALTIME
HK.999010,2020-07-30 09:17:08,24912.0,1,24912.0,BUY,6855076303326937140,AUTO_MATCH,REALTIME
HK.999010,2020-07-30 09:17:08,24915.0,1,24915.0,BUY,6855076303326937157,AUTO_MATCH,REALTIME
HK.999010,2020-07-30 09:17:08,24915.0,1,24915.0,BUY,6855076303326937168,AUTO_MATCH,REALTIME
HK.999010,2020-07-30 09:17:09,24913.0,1,24913.0,BUY,6855076307621904399,AUTO_MATCH,REALTIME
HK.999010,2020-07-30 09:17:09,24916.0,1,24916.0,BUY,6855076307621904445,AUTO_MATCH,REALTIME
HK.999010,2020-07-30 09:17:09,24916.0,1,24916.0,BUY,6855076307621904459,AUTO_MATCH,REALTIME
HK.999010,2020-07-30 09:17:09,24916.0,1,24916.0,BUY,6855076307621904472,AUTO_MATCH,REALTIME
HK.999010,2020-07-30 09:17:09,24915.0,1,24915.0,NEUTRAL,6855076307621904479,AUTO_MATCH,REALTIME
HK.999010,2020-07-30 09:17:10,24915.0,1,24915.0,NEUTRAL,6855076311916871705,AUTO_MATCH,REALTIME
HK.999010,2020-07-30 09:17:11,24913.0,1,24913.0,SELL,6855076316211838983,AUTO_MATCH,REALTIME
HK.999010,2020-07-30 09:17:12,24912.0,1,24912.0,SELL,6855076320506806295,AUTO_MATCH,REALTIME
HK.999010,2020-07-30 09:17:13,24913.0,1,24913.0,SELL,6855076324801773575,AUTO_MATCH,REALTIME
HK.999010,2020-07-30 09:17:15,24913.0,1,24913.0,BUY,6855076333391708175,AUTO_MATCH,REALTIME
HK.999010,2020-07-30 09:17:16,24914.0,1,24914.0,BUY,6855076337686675478,AUTO_MATCH,REALTIME
HK.999010,2020-07-30 09:17:16,24915.0,5,124575.0,BUY,6855076337686675489,AUTO_MATCH,REALTIME
HK.999010,2020-07-30 09:17:16,24917.0,1,24917.0,BUY,6855076337686675543,AUTO_MATCH,REALTIME
HK.999010,2020-07-30 09:17:16,24917.0,2,49834.0,NEUTRAL,6855076337686675550,AUTO_MATCH,REALTIME
HK.999010,2020-07-30 09:17:17,24919.0,3,74757.0,BUY,6855076341981642783,AUTO_MATCH,REALTIME
HK.999010,2020-07-30 09:17:17,24919.0,2,49838.0,BUY,6855076341981642797,AUTO_MATCH,REALTIME
HK.999010,2020-07-30 09:17:17,24919.0,1,24919.0,BUY,6855076341981642804,AUTO_MATCH,REALTIME
HK.999010,2020-07-30 09:17:17,24919.0,2,49838.0,BUY,6855076341981642811,AUTO_MATCH,REALTIME
HK.999010,2020-07-30 09:17:17,24919.0,1,24919.0,BUY,6855076341981642818,AUTO_MATCH,REALTIME
HK.999010,2020-07-30 09:17:18,24917.0,1,24917.0,NEUTRAL,6855076346276610110,AUTO_MATCH,REALTIME
HK.999010,2020-07-30 09:17:22,24914.0,2,49828.0,NEUTRAL,6855076363456479235,AUTO_MATCH,REALTIME
HK.999010,2020-07-30 09:17:22,24913.0,1,24913.0,SELL,6855076363456479246,AUTO_MATCH,REALTIME
HK.999010,2020-07-30 09:17:22,24913.0,1,24913.0,SELL,6855076363456479253,AUTO_MATCH,REALTIME
HK.999010,2020-07-30 09:17:22,24912.0,1,24912.0,SELL,6855076363456479272,AUTO_MATCH,REALTIME
HK.999010,2020-07-30 09:17:22,24912.0,1,24912.0,SELL,6855076363456479279,AUTO_MATCH,REALTIME
HK.999010,2020-07-30 09:17:22,24912.0,1,24912.0,SELL,6855076363456479282,AUTO_MATCH,REALTIME
HK.999010,2020-07-30 09:17:23,24913.0,1,24913.0,BUY,6855076367751446551,AUTO_MATCH,REALTIME
HK.999010,2020-07-30 09:17:23,24914.0,1,24914.0,SELL,6855076367751446581,AUTO_MATCH,REALTIME
HK.999010,2020-07-30 09:17:24,24915.0,1,24915.0,BUY,6855076372046413853,AUTO_MATCH,REALTIME
HK.999010,2020-07-30 09:17:24,24915.0,2,49830.0,BUY,6855076372046413856,AUTO_MATCH,REALTIME
HK.999010,2020-07-30 09:17:24,24915.0,1,24915.0,BUY,6855076372046413879,AUTO_MATCH,REALTIME
HK.999010,2020-07-30 09:17:25,24915.0,2,49830.0,BUY,6855076376341381123,AUTO_MATCH,REALTIME
HK.999010,2020-07-30 09:17:25,24915.0,1,24915.0,BUY,6855076376341381137,AUTO_MATCH,REALTIME
HK.999010,2020-07-30 09:17:26,24915.0,1,24915.0,BUY,6855076380636348423,AUTO_MATCH,REALTIME
HK.999010,2020-07-30 09:17:26,24915.0,1,24915.0,BUY,6855076380636348430,AUTO_MATCH,REALTIME
HK.999010,2020-07-30 09:17:26,24915.0,3,74745.0,BUY,6855076380636348433,AUTO_MATCH,REALTIME
HK.999010,2020-07-30 09:17:26,24916.0,1,24916.0,BUY,6855076380636348447,AUTO_MATCH,REALTIME
HK.999010,2020-07-30 09:17:26,24921.0,2,49842.0,BUY,6855076380636348490,AUTO_MATCH,REALTIME
HK.999010,2020-07-30 09:17:26,24922.0,1,24922.0,BUY,6855076380636348505,AUTO_MATCH,REALTIME
HK.999010,2020-07-30 09:17:26,24922.0,1,24922.0,BUY,6855076380636348508,AUTO_MATCH,REALTIME
HK.999010,2020-07-30 09:17:26,24921.0,1,24921.0,NEUTRAL,6855076380636348511,AUTO_MATCH,REALTIME
HK.999010,2020-07-30 09:17:27,24922.0,1,24922.0,BUY,6855076384931315719,AUTO_MATCH,REALTIME
HK.999010,2020-07-30 09:17:27,24921.0,1,24921.0,NEUTRAL,6855076384931315757,AUTO_MATCH,REALTIME
HK.999010,2020-07-30 09:17:27,24920.0,1,24920.0,SELL,6855076384931315772,AUTO_MATCH,REALTIME
HK.999010,2020-07-30 09:17:28,24921.0,1,24921.0,BUY,6855076389226283011,AUTO_MATCH,REALTIME
HK.999010,2020-07-30 09:17:28,24923.0,1,24923.0,BUY,6855076389226283053,AUTO_MATCH,REALTIME
HK.999010,2020-07-30 09:17:29,24922.0,6,149532.0,NEUTRAL,6855076393521250323,AUTO_MATCH,REALTIME
HK.999010,2020-07-30 09:17:31,24923.0,1,24923.0,SELL,6855076402111184955,AUTO_MATCH,REALTIME
HK.999010,2020-07-30 09:17:34,24924.0,1,24924.0,BUY,6855076414996086825,AUTO_MATCH,REALTIME
HK.999010,2020-07-30 09:17:34,24924.0,1,24924.0,BUY,6855076414996086884,AUTO_MATCH,REALTIME
HK.999010,2020-07-30 09:17:34,24924.0,1,24924.0,BUY,6855076414996086891,AUTO_MATCH,REALTIME
HK.999010,2020-07-30 09:17:38,24930.0,1,24930.0,BUY,6855076432175955990,AUTO_MATCH,REALTIME
HK.999010,2020-07-30 09:17:38,24929.0,25,623225.0,NEUTRAL,6855076432175956047,AUTO_MATCH,REALTIME
HK.999010,2020-07-30 09:17:39,24929.0,1,24929.0,SELL,6855076436470923294,AUTO_MATCH,REALTIME
HK.999010,2020-07-30 09:17:39,24929.0,1,24929.0,SELL,6855076436470923301,AUTO_MATCH,REALTIME
HK.999010,2020-07-30 09:17:39,24927.0,1,24927.0,SELL,6855076436470923308,AUTO_MATCH,REALTIME
HK.999010,2020-07-30 09:17:45,24927.0,12,299124.0,NEUTRAL,6855076462240727083,AUTO_MATCH,REALTIME
HK.999010,2020-07-30 09:17:46,24925.0,1,24925.0,SELL,6855076466535694351,AUTO_MATCH,REALTIME
HK.999010,2020-07-30 09:17:47,24925.0,1,24925.0,SELL,6855076470830661655,AUTO_MATCH,REALTIME
HK.999010,2020-07-30 09:17:47,24925.0,1,24925.0,SELL,6855076470830661662,AUTO_MATCH,REALTIME
HK.999010,2020-07-30 09:17:47,24925.0,1,24925.0,SELL,6855076470830661669,AUTO_MATCH,REALTIME
HK.999010,2020-07-30 09:17:47,24927.0,1,24927.0,BUY,6855076470830661691,AUTO_MATCH,REALTIME
HK.999010,2020-07-30 09:17:48,24928.0,1,24928.0,BUY,6855076475125628935,AUTO_MATCH,REALTIME
HK.999010,2020-07-30 09:17:48,24928.0,1,24928.0,BUY,6855076475125628946,AUTO_MATCH,REALTIME
HK.999010,2020-07-30 09:17:49,24930.0,1,24930.0,BUY,6855076479420596278,AUTO_MATCH,REALTIME
HK.999010,2020-07-30 09:17:49,24929.0,1,24929.0,BUY,6855076479420596281,AUTO_MATCH,REALTIME
HK.999010,2020-07-30 09:17:49,24928.0,1,24928.0,NEUTRAL,6855076479420596288,AUTO_MATCH,REALTIME
HK.999010,2020-07-30 09:17:54,24925.0,1,24925.0,SELL,6855076500895432723,AUTO_MATCH,REALTIME
HK.999010,2020-07-30 09:17:54,24926.0,1,24926.0,NEUTRAL,6855076500895432730,AUTO_MATCH,REALTIME
HK.999010,2020-07-30 09:17:55,24925.0,1,24925.0,SELL,6855076505190400023,AUTO_MATCH,REALTIME
HK.999010,2020-07-30 09:17:56,24925.0,2,49850.0,BUY,6855076509485367307,AUTO_MATCH,REALTIME
HK.999010,2020-07-30 09:17:58,24921.0,1,24921.0,NEUTRAL,6855076518075301963,AUTO_MATCH,REALTIME
HK.999010,2020-07-30 09:17:59,24920.0,2,49840.0,NEUTRAL,6855076522370269199,AUTO_MATCH,REALTIME
HK.999010,2020-07-30 09:18:01,24915.0,1,24915.0,SELL,6855076530960203783,AUTO_MATCH,REALTIME
HK.999010,2020-07-30 09:18:02,24915.0,1,24915.0,NEUTRAL,6855076535255171119,AUTO_MATCH,REALTIME
HK.999010,2020-07-30 09:18:02,24916.0,1,24916.0,NEUTRAL,6855076535255171134,AUTO_MATCH,REALTIME
HK.999010,2020-07-30 09:18:02,24916.0,1,24916.0,NEUTRAL,6855076535255171148,AUTO_MATCH,REALTIME
HK.999010,2020-07-30 09:18:06,24918.0,1,24918.0,NEUTRAL,6855076552435040298,AUTO_MATCH,REALTIME
HK.999010,2020-07-30 09:18:06,24919.0,1,24919.0,BUY,6855076552435040301,AUTO_MATCH,REALTIME
HK.999010,2020-07-30 09:18:08,24918.0,1,24918.0,BUY,6855076561024974855,AUTO_MATCH,REALTIME
HK.999010,2020-07-30 09:18:08,24919.0,1,24919.0,BUY,6855076561024974858,AUTO_MATCH,REALTIME
HK.999010,2020-07-30 09:18:09,24917.0,1,24917.0,SELL,6855076565319942155,AUTO_MATCH,REALTIME
HK.999010,2020-07-30 09:18:09,24917.0,1,24917.0,SELL,6855076565319942158,AUTO_MATCH,REALTIME
HK.999010,2020-07-30 09:18:10,24920.0,1,24920.0,BUY,6855076569614909447,AUTO_MATCH,REALTIME
HK.999010,2020-07-30 09:18:10,24920.0,1,24920.0,BUY,6855076569614909465,AUTO_MATCH,REALTIME
HK.999010,2020-07-30 09:18:10,24919.0,1,24919.0,SELL,6855076569614909468,AUTO_MATCH,REALTIME
HK.999010,2020-07-30 09:18:12,24920.0,1,24920.0,BUY,6855076578204844043,AUTO_MATCH,REALTIME
HK.999010,2020-07-30 09:18:13,24920.0,1,24920.0,BUY,6855076582499811367,AUTO_MATCH,REALTIME
HK.999010,2020-07-30 09:18:14,24919.0,1,24919.0,SELL,6855076586794778651,AUTO_MATCH,REALTIME
HK.999010,2020-07-30 09:18:15,24920.0,1,24920.0,BUY,6855076591089745931,AUTO_MATCH,REALTIME
HK.999010,2020-07-30 09:18:18,24923.0,1,24923.0,NEUTRAL,6855076603974647822,AUTO_MATCH,REALTIME
HK.999010,2020-07-30 09:18:20,24921.0,1,24921.0,SELL,6855076612564582403,AUTO_MATCH,REALTIME
HK.999010,2020-07-30 09:18:22,24922.0,1,24922.0,NEUTRAL,6855076621154517019,AUTO_MATCH,REALTIME
HK.999010,2020-07-30 09:18:22,24922.0,1,24922.0,NEUTRAL,6855076621154517037,AUTO_MATCH,REALTIME
HK.999010,2020-07-30 09:18:23,24924.0,1,24924.0,BUY,6855076625449484299,AUTO_MATCH,REALTIME
HK.999010,2020-07-30 09:18:23,24925.0,1,24925.0,NEUTRAL,6855076625449484341,AUTO_MATCH,REALTIME
HK.999010,2020-07-30 09:18:23,24929.0,1,24929.0,BUY,6855076625449484344,AUTO_MATCH,REALTIME
HK.999010,2020-07-30 09:18:23,24928.0,1,24928.0,BUY,6855076625449484351,AUTO_MATCH,REALTIME
HK.999010,2020-07-30 09:18:24,24925.0,1,24925.0,SELL,6855076629744451602,AUTO_MATCH,REALTIME
HK.999010,2020-07-30 09:18:24,24925.0,1,24925.0,SELL,6855076629744451605,AUTO_MATCH,REALTIME
HK.999010,2020-07-30 09:18:24,24928.0,1,24928.0,BUY,6855076629744451612,AUTO_MATCH,REALTIME
HK.999010,2020-07-30 09:18:26,24925.0,1,24925.0,NEUTRAL,6855076638334386202,AUTO_MATCH,REALTIME
HK.999010,2020-07-30 09:18:30,24927.0,1,24927.0,BUY,6855076655514255367,AUTO_MATCH,REALTIME
HK.999010,2020-07-30 09:18:30,24926.0,1,24926.0,NEUTRAL,6855076655514255382,AUTO_MATCH,REALTIME
HK.999010,2020-07-30 09:18:31,24925.0,1,24925.0,SELL,6855076659809222687,AUTO_MATCH,REALTIME
HK.999010,2020-07-30 09:18:33,24919.0,1,24919.0,SELL,6855076668399157251,AUTO_MATCH,REALTIME
HK.999010,2020-07-30 09:18:34,24919.0,1,24919.0,SELL,6855076672694124581,AUTO_MATCH,REALTIME
HK.999010,2020-07-30 09:18:34,24918.0,1,24918.0,NEUTRAL,6855076672694124613,AUTO_MATCH,REALTIME
HK.999010,2020-07-30 09:18:34,24917.0,1,24917.0,SELL,6855076672694124640,AUTO_MATCH,REALTIME
HK.999010,2020-07-30 09:18:34,24919.0,1,24919.0,NEUTRAL,6855076672694124699,AUTO_MATCH,REALTIME
HK.999010,2020-07-30 09:18:37,24920.0,2,49840.0,BUY,6855076685579026443,AUTO_MATCH,REALTIME
HK.999010,2020-07-30 09:18:37,24920.0,1,24920.0,SELL,6855076685579026477,AUTO_MATCH,REALTIME
HK.999010,2020-07-30 09:18:37,24920.0,1,24920.0,SELL,6855076685579026484,AUTO_MATCH,REALTIME
HK.999010,2020-07-30 09:18:39,24922.0,1,24922.0,NEUTRAL,6855076694168961031,AUTO_MATCH,REALTIME
HK.999010,2020-07-30 09:18:44,24924.0,1,24924.0,NEUTRAL,6855076715643797511,AUTO_MATCH,REALTIME
HK.999010,2020-07-30 09:18:44,24926.0,1,24926.0,BUY,6855076715643797514,AUTO_MATCH,REALTIME
HK.999010,2020-07-30 09:18:44,24926.0,2,49852.0,BUY,6855076715643797521,AUTO_MATCH,REALTIME
HK.999010,2020-07-30 09:18:44,24924.0,2,49848.0,NEUTRAL,6855076715643797528,AUTO_MATCH,REALTIME
HK.999010,2020-07-30 09:18:44,24924.0,1,24924.0,NEUTRAL,6855076715643797535,AUTO_MATCH,REALTIME
HK.999010,2020-07-30 09:18:44,24926.0,3,74778.0,BUY,6855076715643797542,AUTO_MATCH,REALTIME
HK.999010,2020-07-30 09:18:44,24925.0,2,49850.0,NEUTRAL,6855076715643797545,AUTO_MATCH,REALTIME
HK.999010,2020-07-30 09:18:45,24926.0,1,24926.0,BUY,6855076719938764806,AUTO_MATCH,REALTIME
HK.999010,2020-07-30 09:18:45,24926.0,1,24926.0,BUY,6855076719938764812,AUTO_MATCH,REALTIME
HK.999010,2020-07-30 09:18:46,24924.0,2,49848.0,NEUTRAL,6855076724233732102,AUTO_MATCH,REALTIME
HK.999010,2020-07-30 09:18:46,24926.0,1,24926.0,BUY,6855076724233732106,AUTO_MATCH,REALTIME
HK.999010,2020-07-30 09:18:46,24926.0,1,24926.0,BUY,6855076724233732109,AUTO_MATCH,REALTIME
HK.999010,2020-07-30 09:18:46,24926.0,1,24926.0,BUY,6855076724233732128,AUTO_MATCH,REALTIME
HK.999010,2020-07-30 09:18:47,24926.0,1,24926.0,BUY,6855076728528699395,AUTO_MATCH,REALTIME
HK.999010,2020-07-30 09:18:47,24927.0,1,24927.0,BUY,6855076728528699401,AUTO_MATCH,REALTIME
HK.999010,2020-07-30 09:18:48,24927.0,1,24927.0,BUY,6855076732823666691,AUTO_MATCH,REALTIME
HK.999010,2020-07-30 09:18:48,24926.0,1,24926.0,SELL,6855076732823666698,AUTO_MATCH,REALTIME
HK.999010,2020-07-30 09:18:48,24928.0,1,24928.0,BUY,6855076732823666701,AUTO_MATCH,REALTIME
HK.999010,2020-07-30 09:18:48,24926.0,1,24926.0,SELL,6855076732823666704,AUTO_MATCH,REALTIME
HK.999010,2020-07-30 09:18:49,24926.0,1,24926.0,SELL,6855076737118633995,AUTO_MATCH,REALTIME
HK.999010,2020-07-30 09:18:50,24926.0,1,24926.0,NEUTRAL,6855076741413601283,AUTO_MATCH,REALTIME
HK.999010,2020-07-30 09:18:52,24925.0,1,24925.0,NEUTRAL,6855076750003535879,AUTO_MATCH,REALTIME
HK.999010,2020-07-30 09:18:53,24923.0,1,24923.0,SELL,6855076754298503171,AUTO_MATCH,REALTIME
HK.999010,2020-07-30 09:18:53,24924.0,1,24924.0,SELL,6855076754298503182,AUTO_MATCH,REALTIME
HK.999010,2020-07-30 09:18:54,24925.0,1,24925.0,SELL,6855076758593470467,AUTO_MATCH,REALTIME
HK.999010,2020-07-30 09:18:54,24924.0,1,24924.0,NEUTRAL,6855076758593470486,AUTO_MATCH,REALTIME
HK.999010,2020-07-30 09:18:55,24924.0,1,24924.0,SELL,6855076762888437763,AUTO_MATCH,REALTIME
HK.999010,2020-07-30 09:18:56,24923.0,1,24923.0,NEUTRAL,6855076767183405063,AUTO_MATCH,REALTIME
HK.999010,2020-07-30 09:18:56,24922.0,1,24922.0,NEUTRAL,6855076767183405097,AUTO_MATCH,REALTIME
HK.999010,2020-07-30 09:19:00,24920.0,1,24920.0,SELL,6855076784363274247,AUTO_MATCH,REALTIME
HK.999010,2020-07-30 09:19:00,24920.0,2,49840.0,NEUTRAL,6855076784363274257,AUTO_MATCH,REALTIME
HK.999010,2020-07-30 09:19:01,24920.0,2,49840.0,SELL,6855076788658241558,AUTO_MATCH,REALTIME
HK.999010,2020-07-30 09:19:01,24919.0,2,49838.0,SELL,6855076788658241569,AUTO_MATCH,REALTIME
HK.999010,2020-07-30 09:19:02,24917.0,1,24917.0,SELL,6855076792953208867,AUTO_MATCH,REALTIME
HK.999010,2020-07-30 09:19:02,24917.0,1,24917.0,SELL,6855076792953208881,AUTO_MATCH,REALTIME
HK.999010,2020-07-30 09:19:02,24919.0,1,24919.0,NEUTRAL,6855076792953208908,AUTO_MATCH,REALTIME
HK.999010,2020-07-30 09:19:04,24919.0,1,24919.0,NEUTRAL,6855076801543143438,AUTO_MATCH,REALTIME
HK.999010,2020-07-30 09:19:04,24918.0,1,24918.0,SELL,6855076801543143449,AUTO_MATCH,REALTIME
HK.999010,2020-07-30 09:19:05,24918.0,1,24918.0,SELL,6855076805838110723,AUTO_MATCH,REALTIME
HK.999010,2020-07-30 09:19:05,24918.0,1,24918.0,SELL,6855076805838110734,AUTO_MATCH,REALTIME
HK.999010,2020-07-30 09:19:06,24918.0,1,24918.0,SELL,6855076810133078031,AUTO_MATCH,REALTIME
HK.999010,2020-07-30 09:19:08,24918.0,1,24918.0,SELL,6855076818723012615,AUTO_MATCH,REALTIME
HK.999010,2020-07-30 09:19:09,24920.0,1,24920.0,BUY,6855076823017979911,AUTO_MATCH,REALTIME
HK.999010,2020-07-30 09:19:09,24919.0,2,49838.0,SELL,6855076823017979933,AUTO_MATCH,REALTIME
HK.999010,2020-07-30 09:19:09,24918.0,1,24918.0,SELL,6855076823017979936,AUTO_MATCH,REALTIME
HK.999010,2020-07-30 09:19:09,24919.0,1,24919.0,SELL,6855076823017979943,AUTO_MATCH,REALTIME
HK.999010,2020-07-30 09:19:09,24920.0,1,24920.0,NEUTRAL,6855076823017979946,AUTO_MATCH,REALTIME
HK.999010,2020-07-30 09:19:10,24920.0,1,24920.0,NEUTRAL,6855076827312947207,AUTO_MATCH,REALTIME
HK.999010,2020-07-30 09:19:11,24919.0,1,24919.0,SELL,6855076831607914503,AUTO_MATCH,REALTIME
HK.999010,2020-07-30 09:19:12,24919.0,1,24919.0,NEUTRAL,6855076835902881799,AUTO_MATCH,REALTIME
HK.999010,2020-07-30 09:19:13,24920.0,5,124600.0,BUY,6855076840197849121,AUTO_MATCH,REALTIME
HK.999010,2020-07-30 09:19:13,24920.0,2,49840.0,BUY,6855076840197849128,AUTO_MATCH,REALTIME
HK.999010,2020-07-30 09:19:13,24920.0,1,24920.0,BUY,6855076840197849135,AUTO_MATCH,REALTIME
HK.999010,2020-07-30 09:19:13,24920.0,1,24920.0,BUY,6855076840197849142,AUTO_MATCH,REALTIME
HK.999010,2020-07-30 09:19:13,24920.0,1,24920.0,BUY,6855076840197849149,AUTO_MATCH,REALTIME
HK.999010,2020-07-30 09:19:14,24919.0,1,24919.0,NEUTRAL,6855076844492816390,AUTO_MATCH,REALTIME
HK.999010,2020-07-30 09:19:14,24918.0,1,24918.0,SELL,6855076844492816393,AUTO_MATCH,REALTIME
HK.999010,2020-07-30 09:19:14,24918.0,1,24918.0,SELL,6855076844492816399,AUTO_MATCH,REALTIME
HK.999010,2020-07-30 09:19:14,24918.0,1,24918.0,SELL,6855076844492816402,AUTO_MATCH,REALTIME
HK.999010,2020-07-30 09:19:15,24918.0,1,24918.0,SELL,6855076848787783716,AUTO_MATCH,REALTIME
HK.999010,2020-07-30 09:19:15,24917.0,1,24917.0,SELL,6855076848787783731,AUTO_MATCH,REALTIME
HK.999010,2020-07-30 09:19:16,24916.0,1,24916.0,NEUTRAL,6855076853082751012,AUTO_MATCH,REALTIME
HK.999010,2020-07-30 09:19:17,24915.0,1,24915.0,NEUTRAL,6855076857377718297,AUTO_MATCH,REALTIME
HK.999010,2020-07-30 09:19:17,24916.0,1,24916.0,BUY,6855076857377718324,AUTO_MATCH,REALTIME
HK.999010,2020-07-30 09:19:21,24920.0,1,24920.0,BUY,6855076874557587459,AUTO_MATCH,REALTIME
HK.999010,2020-07-30 09:19:21,24921.0,1,24921.0,BUY,6855076874557587462,AUTO_MATCH,REALTIME
HK.999010,2020-07-30 09:19:21,24920.0,1,24920.0,NEUTRAL,6855076874557587465,AUTO_MATCH,REALTIME
HK.999010,2020-07-30 09:19:21,24919.0,1,24919.0,SELL,6855076874557587476,AUTO_MATCH,REALTIME
HK.999010,2020-07-30 09:19:22,24918.0,1,24918.0,BUY,6855076878852554793,AUTO_MATCH,REALTIME
HK.999010,2020-07-30 09:19:24,24915.0,1,24915.0,SELL,6855076887442489359,AUTO_MATCH,REALTIME
HK.999010,2020-07-30 09:19:25,24917.0,1,24917.0,NEUTRAL,6855076891737456655,AUTO_MATCH,REALTIME
HK.999010,2020-07-30 09:19:26,24918.0,1,24918.0,BUY,6855076896032423943,AUTO_MATCH,REALTIME
HK.999010,2020-07-30 09:19:26,24918.0,1,24918.0,BUY,6855076896032423949,AUTO_MATCH,REALTIME
HK.999010,2020-07-30 09:19:27,24920.0,1,24920.0,BUY,6855076900327391239,AUTO_MATCH,REALTIME
HK.999010,2020-07-30 09:19:27,24920.0,1,24920.0,BUY,6855076900327391242,AUTO_MATCH,REALTIME
HK.999010,2020-07-30 09:19:27,24920.0,1,24920.0,BUY,6855076900327391245,AUTO_MATCH,REALTIME
HK.999010,2020-07-30 09:19:27,24920.0,1,24920.0,BUY,6855076900327391248,AUTO_MATCH,REALTIME
HK.999010,2020-07-30 09:19:29,24917.0,1,24917.0,SELL,6855076908917325827,AUTO_MATCH,REALTIME
HK.999010,2020-07-30 09:19:29,24917.0,1,24917.0,NEUTRAL,6855076908917325830,AUTO_MATCH,REALTIME
HK.999010,2020-07-30 09:19:32,24919.0,1,24919.0,NEUTRAL,6855076921802227766,AUTO_MATCH,REALTIME
HK.999010,2020-07-30 09:19:33,24919.0,1,24919.0,NEUTRAL,6855076926097195015,AUTO_MATCH,REALTIME
HK.999010,2020-07-30 09:19:34,24917.0,1,24917.0,NEUTRAL,6855076930392162326,AUTO_MATCH,REALTIME
HK.999010,2020-07-30 09:19:37,24918.0,1,24918.0,NEUTRAL,6855076943277064199,AUTO_MATCH,REALTIME
HK.999010,2020-07-30 09:19:38,24920.0,1,24920.0,BUY,6855076947572031531,AUTO_MATCH,REALTIME
HK.999010,2020-07-30 09:19:41,24917.0,2,49834.0,SELL,6855076960456933383,AUTO_MATCH,REALTIME
HK.999010,2020-07-30 09:19:41,24920.0,1,24920.0,BUY,6855076960456933386,AUTO_MATCH,REALTIME
HK.999010,2020-07-30 09:19:41,24919.0,1,24919.0,NEUTRAL,6855076960456933397,AUTO_MATCH,REALTIME
HK.999010,2020-07-30 09:19:41,24920.0,1,24920.0,BUY,6855076960456933404,AUTO_MATCH,REALTIME
HK.999010,2020-07-30 09:19:42,24920.0,1,24920.0,BUY,6855076964751900679,AUTO_MATCH,REALTIME
HK.999010,2020-07-30 09:19:42,24919.0,1,24919.0,SELL,6855076964751900730,AUTO_MATCH,REALTIME
HK.999010,2020-07-30 09:19:42,24919.0,1,24919.0,BUY,6855076964751900756,AUTO_MATCH,REALTIME
HK.999010,2020-07-30 09:19:42,24920.0,1,24920.0,BUY,6855076964751900763,AUTO_MATCH,REALTIME
HK.999010,2020-07-30 09:19:43,24921.0,1,24921.0,BUY,6855076969046867971,AUTO_MATCH,REALTIME
HK.999010,2020-07-30 09:19:43,24921.0,1,24921.0,BUY,6855076969046867974,AUTO_MATCH,REALTIME
HK.999010,2020-07-30 09:19:43,24922.0,1,24922.0,BUY,6855076969046867997,AUTO_MATCH,REALTIME
HK.999010,2020-07-30 09:19:43,24922.0,1,24922.0,BUY,6855076969046868000,AUTO_MATCH,REALTIME
HK.999010,2020-07-30 09:19:43,24922.0,1,24922.0,BUY,6855076969046868014,AUTO_MATCH,REALTIME
HK.999010,2020-07-30 09:19:43,24921.0,1,24921.0,SELL,6855076969046868017,AUTO_MATCH,REALTIME
HK.999010,2020-07-30 09:19:43,24922.0,1,24922.0,BUY,6855076969046868028,AUTO_MATCH,REALTIME
HK.999010,2020-07-30 09:19:44,24923.0,1,24923.0,BUY,6855076973341835267,AUTO_MATCH,REALTIME
HK.999010,2020-07-30 09:19:44,24921.0,1,24921.0,NEUTRAL,6855076973341835270,AUTO_MATCH,REALTIME
HK.999010,2020-07-30 09:19:44,24921.0,1,24921.0,NEUTRAL,6855076973341835280,AUTO_MATCH,REALTIME
HK.999010,2020-07-30 09:19:44,24923.0,1,24923.0,BUY,6855076973341835295,AUTO_MATCH,REALTIME
HK.999010,2020-07-30 09:19:45,24921.0,1,24921.0,NEUTRAL,6855076977636802567,AUTO_MATCH,REALTIME
HK.999010,2020-07-30 09:19:47,24923.0,3,74769.0,BUY,6855076986226737175,AUTO_MATCH,REALTIME
HK.999010,2020-07-30 09:19:49,24921.0,1,24921.0,SELL,6855076994816671751,AUTO_MATCH,REALTIME
HK.999010,2020-07-30 09:19:50,24922.0,1,24922.0,NEUTRAL,6855076999111639047,AUTO_MATCH,REALTIME
HK.999010,2020-07-30 09:19:51,24923.0,3,74769.0,BUY,6855077003406606351,AUTO_MATCH,REALTIME
HK.999010,2020-07-30 09:19:51,24923.0,1,24923.0,BUY,6855077003406606358,AUTO_MATCH,REALTIME
HK.999010,2020-07-30 09:19:51,24923.0,1,24923.0,BUY,6855077003406606373,AUTO_MATCH,REALTIME
HK.999010,2020-07-30 09:19:51,24923.0,1,24923.0,BUY,6855077003406606380,AUTO_MATCH,REALTIME
HK.999010,2020-07-30 09:19:54,24923.0,1,24923.0,NEUTRAL,6855077016291508231,AUTO_MATCH,REALTIME
HK.999010,2020-07-30 09:19:55,24921.0,1,24921.0,SELL,6855077020586475539,AUTO_MATCH,REALTIME
HK.999010,2020-07-30 09:19:55,24922.0,2,49844.0,SELL,6855077020586475542,AUTO_MATCH,REALTIME
HK.999010,2020-07-30 09:19:55,24922.0,1,24922.0,SELL,6855077020586475549,AUTO_MATCH,REALTIME
HK.999010,2020-07-30 09:19:55,24922.0,1,24922.0,SELL,6855077020586475572,AUTO_MATCH,REALTIME
HK.999010,2020-07-30 09:19:55,24922.0,1,24922.0,SELL,6855077020586475587,AUTO_MATCH,REALTIME
HK.999010,2020-07-30 09:19:56,24922.0,1,24922.0,SELL,6855077024881442819,AUTO_MATCH,REALTIME
HK.999010,2020-07-30 09:19:56,24920.0,1,24920.0,SELL,6855077024881442838,AUTO_MATCH,REALTIME
HK.999010,2020-07-30 09:19:56,24922.0,1,24922.0,SELL,6855077024881442852,AUTO_MATCH,REALTIME
HK.999010,2020-07-30 09:19:56,24920.0,1,24920.0,NEUTRAL,6855077024881442859,AUTO_MATCH,REALTIME
HK.999010,2020-07-30 09:19:56,24919.0,1,24919.0,SELL,6855077024881442874,AUTO_MATCH,REALTIME
HK.999010,2020-07-30 09:19:58,24921.0,1,24921.0,NEUTRAL,6855077033471377427,AUTO_MATCH,REALTIME
HK.999010,2020-07-30 09:19:58,24920.0,1,24920.0,SELL,6855077033471377441,AUTO_MATCH,REALTIME
HK.999010,2020-07-30 09:19:58,24920.0,1,24920.0,SELL,6855077033471377448,AUTO_MATCH,REALTIME
HK.999010,2020-07-30 09:19:59,24923.0,1,24923.0,NEUTRAL,6855077037766344722,AUTO_MATCH,REALTIME
HK.999010,2020-07-30 09:19:59,24924.0,2,49848.0,BUY,6855077037766344797,AUTO_MATCH,REALTIME
HK.999010,2020-07-30 09:19:59,24924.0,1,24924.0,BUY,6855077037766344804,AUTO_MATCH,REALTIME
HK.999010,2020-07-30 09:19:59,24924.0,1,24924.0,BUY,6855077037766344811,AUTO_MATCH,REALTIME
HK.999010,2020-07-30 09:19:59,24924.0,4,99696.0,BUY,6855077037766344841,AUTO_MATCH,REALTIME
HK.999010,2020-07-30 09:19:59,24924.0,2,49848.0,BUY,6855077037766344844,AUTO_MATCH,REALTIME
HK.999010,2020-07-30 09:19:59,24924.0,1,24924.0,BUY,6855077037766344847,AUTO_MATCH,REALTIME
HK.999010,2020-07-30 09:19:59,24924.0,1,24924.0,BUY,6855077037766344850,AUTO_MATCH,REALTIME
HK.999010,2020-07-30 09:20:00,24923.0,1,24923.0,SELL,6855077042061312057,AUTO_MATCH,REALTIME
HK.999010,2020-07-30 09:20:00,24922.0,1,24922.0,SELL,6855077042061312076,AUTO_MATCH,REALTIME
HK.999010,2020-07-30 09:20:00,24921.0,3,74763.0,SELL,6855077042061312095,AUTO_MATCH,REALTIME
HK.999010,2020-07-30 09:20:00,24921.0,1,24921.0,SELL,6855077042061312098,AUTO_MATCH,REALTIME
HK.999010,2020-07-30 09:20:00,24921.0,1,24921.0,SELL,6855077042061312101,AUTO_MATCH,REALTIME
HK.999010,2020-07-30 09:20:00,24923.0,1,24923.0,SELL,6855077042061312108,AUTO_MATCH,REALTIME
HK.999010,2020-07-30 09:20:00,24923.0,1,24923.0,SELL,6855077042061312111,AUTO_MATCH,REALTIME
HK.999010,2020-07-30 09:20:00,24923.0,1,24923.0,SELL,6855077042061312114,AUTO_MATCH,REALTIME
HK.999010,2020-07-30 09:20:01,24924.0,1,24924.0,BUY,6855077046356279319,AUTO_MATCH,REALTIME
HK.999010,2020-07-30 09:20:01,24921.0,1,24921.0,NEUTRAL,6855077046356279399,AUTO_MATCH,REALTIME
HK.999010,2020-07-30 09:20:02,24923.0,1,24923.0,NEUTRAL,6855077050651246611,AUTO_MATCH,REALTIME
HK.999010,2020-07-30 09:20:03,24924.0,1,24924.0,BUY,6855077054946213908,AUTO_MATCH,REALTIME
HK.999010,2020-07-30 09:20:03,24924.0,2,49848.0,BUY,6855077054946213915,AUTO_MATCH,REALTIME
HK.999010,2020-07-30 09:20:03,24923.0,1,24923.0,SELL,6855077054946213930,AUTO_MATCH,REALTIME
HK.999010,2020-07-30 09:20:03,24924.0,1,24924.0,BUY,6855077054946213933,AUTO_MATCH,REALTIME
HK.999010,2020-07-30 09:20:03,24923.0,1,24923.0,SELL,6855077054946213940,AUTO_MATCH,REALTIME
HK.999010,2020-07-30 09:20:03,24923.0,1,24923.0,SELL,6855077054946213950,AUTO_MATCH,REALTIME
HK.999010,2020-07-30 09:20:03,24922.0,1,24922.0,SELL,6855077054946213957,AUTO_MATCH,REALTIME
HK.999010,2020-07-30 09:20:03,24925.0,1,24925.0,BUY,6855077054946213960,AUTO_MATCH,REALTIME
HK.999010,2020-07-30 09:20:03,24925.0,1,24925.0,BUY,6855077054946213966,AUTO_MATCH,REALTIME
HK.999010,2020-07-30 09:20:03,24924.0,1,24924.0,NEUTRAL,6855077054946213973,AUTO_MATCH,REALTIME
HK.999010,2020-07-30 09:20:03,24926.0,1,24926.0,BUY,6855077054946213984,AUTO_MATCH,REALTIME
HK.999010,2020-07-30 09:20:03,24925.0,1,24925.0,NEUTRAL,6855077054946213987,AUTO_MATCH,REALTIME
HK.999010,2020-07-30 09:20:04,24926.0,1,24926.0,BUY,6855077059241181194,AUTO_MATCH,REALTIME
HK.999010,2020-07-30 09:20:04,24926.0,1,24926.0,BUY,6855077059241181197,AUTO_MATCH,REALTIME
HK.999010,2020-07-30 09:20:04,24925.0,1,24925.0,NEUTRAL,6855077059241181208,AUTO_MATCH,REALTIME
HK.999010,2020-07-30 09:20:04,24925.0,1,24925.0,NEUTRAL,6855077059241181215,AUTO_MATCH,REALTIME
HK.999010,2020-07-30 09:20:05,24926.0,1,24926.0,BUY,6855077063536148525,AUTO_MATCH,REALTIME
HK.999010,2020-07-30 09:20:05,24924.0,1,24924.0,NEUTRAL,6855077063536148528,AUTO_MATCH,REALTIME
HK.999010,2020-07-30 09:20:05,24924.0,1,24924.0,NEUTRAL,6855077063536148531,AUTO_MATCH,REALTIME
HK.999010,2020-07-30 09:20:05,24924.0,1,24924.0,NEUTRAL,6855077063536148542,AUTO_MATCH,REALTIME
HK.999010,2020-07-30 09:20:05,24924.0,1,24924.0,NEUTRAL,6855077063536148545,AUTO_MATCH,REALTIME
HK.999010,2020-07-30 09:20:05,24924.0,1,24924.0,NEUTRAL,6855077063536148548,AUTO_MATCH,REALTIME
HK.999010,2020-07-30 09:20:05,24924.0,1,24924.0,NEUTRAL,6855077063536148551,AUTO_MATCH,REALTIME
HK.999010,2020-07-30 09:20:05,24924.0,1,24924.0,NEUTRAL,6855077063536148554,AUTO_MATCH,REALTIME
HK.999010,2020-07-30 09:20:06,24924.0,1,24924.0,BUY,6855077067831115795,AUTO_MATCH,REALTIME
HK.999010,2020-07-30 09:20:06,24927.0,1,24927.0,BUY,6855077067831115802,AUTO_MATCH,REALTIME
HK.999010,2020-07-30 09:20:06,24927.0,1,24927.0,BUY,6855077067831115809,AUTO_MATCH,REALTIME
HK.999010,2020-07-30 09:20:06,24927.0,1,24927.0,BUY,6855077067831115835,AUTO_MATCH,REALTIME
HK.999010,2020-07-30 09:20:06,24928.0,1,24928.0,BUY,6855077067831115842,AUTO_MATCH,REALTIME
HK.999010,2020-07-30 09:20:06,24928.0,1,24928.0,BUY,6855077067831115849,AUTO_MATCH,REALTIME
HK.999010,2020-07-30 09:20:06,24928.0,1,24928.0,BUY,6855077067831115863,AUTO_MATCH,REALTIME
HK.999010,2020-07-30 09:20:06,24928.0,1,24928.0,BUY,6855077067831115870,AUTO_MATCH,REALTIME
HK.999010,2020-07-30 09:20:06,24928.0,1,24928.0,BUY,6855077067831115873,AUTO_MATCH,REALTIME
HK.999010,2020-07-30 09:20:06,24929.0,1,24929.0,BUY,6855077067831115896,AUTO_MATCH,REALTIME
HK.999010,2020-07-30 09:20:06,24929.0,1,24929.0,BUY,6855077067831115899,AUTO_MATCH,REALTIME
HK.999010,2020-07-30 09:20:07,24930.0,1,24930.0,BUY,6855077072126083075,AUTO_MATCH,REALTIME
HK.999010,2020-07-30 09:20:07,24929.0,1,24929.0,NEUTRAL,6855077072126083078,AUTO_MATCH,REALTIME
HK.999010,2020-07-30 09:20:07,24929.0,1,24929.0,NEUTRAL,6855077072126083085,AUTO_MATCH,REALTIME
HK.999010,2020-07-30 09:20:07,24929.0,1,24929.0,NEUTRAL,6855077072126083092,AUTO_MATCH,REALTIME
HK.999010,2020-07-30 09:20:07,24930.0,1,24930.0,BUY,6855077072126083103,AUTO_MATCH,REALTIME
HK.999010,2020-07-30 09:20:07,24929.0,1,24929.0,SELL,6855077072126083110,AUTO_MATCH,REALTIME
HK.999010,2020-07-30 09:20:07,24929.0,1,24929.0,SELL,6855077072126083125,AUTO_MATCH,REALTIME
HK.999010,2020-07-30 09:20:07,24929.0,1,24929.0,SELL,6855077072126083132,AUTO_MATCH,REALTIME
HK.999010,2020-07-30 09:20:07,24930.0,1,24930.0,BUY,6855077072126083151,AUTO_MATCH,REALTIME
HK.999010,2020-07-30 09:20:08,24930.0,1,24930.0,BUY,6855077076421050458,AUTO_MATCH,REALTIME
HK.999010,2020-07-30 09:20:08,24930.0,2,49860.0,BUY,6855077076421050465,AUTO_MATCH,REALTIME
HK.999010,2020-07-30 09:20:08,24930.0,1,24930.0,BUY,6855077076421050468,AUTO_MATCH,REALTIME
HK.999010,2020-07-30 09:20:08,24932.0,1,24932.0,BUY,6855077076421050520,AUTO_MATCH,REALTIME
HK.999010,2020-07-30 09:20:08,24935.0,1,24935.0,BUY,6855077076421050571,AUTO_MATCH,REALTIME
HK.999010,2020-07-30 09:20:10,24932.0,1,24932.0,SELL,6855077085010984967,AUTO_MATCH,REALTIME
HK.999010,2020-07-30 09:20:10,24929.0,1,24929.0,SELL,6855077085010984994,AUTO_MATCH,REALTIME
HK.999010,2020-07-30 09:20:11,24933.0,1,24933.0,SELL,6855077089305952338,AUTO_MATCH,REALTIME
HK.999010,2020-07-30 09:20:14,24935.0,1,24935.0,BUY,6855077102190854163,AUTO_MATCH,REALTIME
HK.999010,2020-07-30 09:20:14,24935.0,1,24935.0,BUY,6855077102190854196,AUTO_MATCH,REALTIME
HK.999010,2020-07-30 09:20:14,24937.0,1,24937.0,NEUTRAL,6855077102190854211,AUTO_MATCH,REALTIME
HK.999010,2020-07-30 09:20:15,24937.0,1,24937.0,NEUTRAL,6855077106485821533,AUTO_MATCH,REALTIME
HK.999010,2020-07-30 09:20:16,24936.0,1,24936.0,BUY,6855077110780788838,AUTO_MATCH,REALTIME
HK.999010,2020-07-30 09:20:18,24933.0,1,24933.0,NEUTRAL,6855077119370723377,AUTO_MATCH,REALTIME
HK.999010,2020-07-30 09:20:19,24933.0,1,24933.0,BUY,6855077123665690669,AUTO_MATCH,REALTIME
HK.999010,2020-07-30 09:20:19,24935.0,1,24935.0,BUY,6855077123665690676,AUTO_MATCH,REALTIME
HK.999010,2020-07-30 09:20:19,24934.0,1,24934.0,NEUTRAL,6855077123665690679,AUTO_MATCH,REALTIME
HK.999010,2020-07-30 09:20:19,24934.0,1,24934.0,NEUTRAL,6855077123665690686,AUTO_MATCH,REALTIME
HK.999010,2020-07-30 09:20:20,24936.0,1,24936.0,BUY,6855077127960657943,AUTO_MATCH,REALTIME
HK.999010,2020-07-30 09:20:20,24936.0,1,24936.0,BUY,6855077127960657946,AUTO_MATCH,REALTIME
HK.999010,2020-07-30 09:20:20,24936.0,1,24936.0,BUY,6855077127960657953,AUTO_MATCH,REALTIME
HK.999010,2020-07-30 09:20:20,24936.0,1,24936.0,BUY,6855077127960657960,AUTO_MATCH,REALTIME
HK.999010,2020-07-30 09:20:20,24937.0,1,24937.0,BUY,6855077127960657975,AUTO_MATCH,REALTIME
HK.999010,2020-07-30 09:20:20,24937.0,1,24937.0,BUY,6855077127960657978,AUTO_MATCH,REALTIME
HK.999010,2020-07-30 09:20:20,24938.0,1,24938.0,BUY,6855077127960657981,AUTO_MATCH,REALTIME
HK.999010,2020-07-30 09:20:20,24938.0,1,24938.0,BUY,6855077127960657984,AUTO_MATCH,REALTIME
HK.999010,2020-07-30 09:20:20,24938.0,3,74814.0,BUY,6855077127960658007,AUTO_MATCH,REALTIME
HK.999010,2020-07-30 09:20:21,24940.0,2,49880.0,BUY,6855077132255625242,AUTO_MATCH,REALTIME
HK.999010,2020-07-30 09:20:21,24940.0,1,24940.0,BUY,6855077132255625245,AUTO_MATCH,REALTIME
HK.999010,2020-07-30 09:20:21,24940.0,1,24940.0,BUY,6855077132255625251,AUTO_MATCH,REALTIME
HK.999010,2020-07-30 09:20:21,24940.0,1,24940.0,BUY,6855077132255625258,AUTO_MATCH,REALTIME
HK.999010,2020-07-30 09:20:21,24943.0,1,24943.0,BUY,6855077132255625300,AUTO_MATCH,REALTIME
HK.999010,2020-07-30 09:20:21,24943.0,1,24943.0,BUY,6855077132255625303,AUTO_MATCH,REALTIME
HK.999010,2020-07-30 09:20:21,24943.0,1,24943.0,BUY,6855077132255625310,AUTO_MATCH,REALTIME
HK.999010,2020-07-30 09:20:21,24943.0,1,24943.0,BUY,6855077132255625333,AUTO_MATCH,REALTIME
HK.999010,2020-07-30 09:20:22,24942.0,1,24942.0,BUY,6855077136550592535,AUTO_MATCH,REALTIME
HK.999010,2020-07-30 09:20:22,24941.0,1,24941.0,NEUTRAL,6855077136550592541,AUTO_MATCH,REALTIME
HK.999010,2020-07-30 09:20:22,24941.0,1,24941.0,NEUTRAL,6855077136550592555,AUTO_MATCH,REALTIME
HK.999010,2020-07-30 09:20:22,24940.0,1,24940.0,SELL,6855077136550592586,AUTO_MATCH,REALTIME
HK.999010,2020-07-30 09:20:22,24941.0,1,24941.0,BUY,6855077136550592648,AUTO_MATCH,REALTIME
HK.999010,2020-07-30 09:20:22,24941.0,1,24941.0,BUY,6855077136550592651,AUTO_MATCH,REALTIME
HK.999010,2020-07-30 09:20:22,24938.0,1,24938.0,NEUTRAL,6855077136550592666,AUTO_MATCH,REALTIME
HK.999010,2020-07-30 09:20:22,24939.0,1,24939.0,BUY,6855077136550592677,AUTO_MATCH,REALTIME
HK.999010,2020-07-30 09:20:22,24939.0,1,24939.0,BUY,6855077136550592680,AUTO_MATCH,REALTIME
HK.999010,2020-07-30 09:20:23,24938.0,1,24938.0,SELL,6855077140845559811,AUTO_MATCH,REALTIME
HK.999010,2020-07-30 09:20:23,24938.0,1,24938.0,SELL,6855077140845559830,AUTO_MATCH,REALTIME
HK.999010,2020-07-30 09:20:23,24938.0,1,24938.0,SELL,6855077140845559837,AUTO_MATCH,REALTIME
HK.999010,2020-07-30 09:20:23,24938.0,1,24938.0,SELL,6855077140845559844,AUTO_MATCH,REALTIME
HK.999010,2020-07-30 09:20:23,24940.0,1,24940.0,BUY,6855077140845559855,AUTO_MATCH,REALTIME
HK.999010,2020-07-30 09:20:23,24941.0,2,49882.0,BUY,6855077140845559882,AUTO_MATCH,REALTIME
HK.999010,2020-07-30 09:20:23,24940.0,1,24940.0,NEUTRAL,6855077140845559885,AUTO_MATCH,REALTIME
HK.999010,2020-07-30 09:20:23,24940.0,1,24940.0,NEUTRAL,6855077140845559888,AUTO_MATCH,REALTIME
HK.999010,2020-07-30 09:20:23,24941.0,3,74823.0,BUY,6855077140845559907,AUTO_MATCH,REALTIME
HK.999010,2020-07-30 09:20:24,24940.0,1,24940.0,SELL,6855077145140527111,AUTO_MATCH,REALTIME
HK.999010,2020-07-30 09:20:24,24940.0,1,24940.0,SELL,6855077145140527114,AUTO_MATCH,REALTIME
HK.999010,2020-07-30 09:20:24,24942.0,1,24942.0,BUY,6855077145140527129,AUTO_MATCH,REALTIME
HK.999010,2020-07-30 09:20:24,24939.0,1,24939.0,SELL,6855077145140527132,AUTO_MATCH,REALTIME
HK.999010,2020-07-30 09:20:24,24941.0,1,24941.0,NEUTRAL,6855077145140527135,AUTO_MATCH,REALTIME
HK.999010,2020-07-30 09:20:24,24941.0,1,24941.0,NEUTRAL,6855077145140527142,AUTO_MATCH,REALTIME
HK.999010,2020-07-30 09:20:24,24939.0,1,24939.0,SELL,6855077145140527145,AUTO_MATCH,REALTIME
HK.999010,2020-07-30 09:20:24,24939.0,1,24939.0,SELL,6855077145140527148,AUTO_MATCH,REALTIME
HK.999010,2020-07-30 09:20:24,24938.0,1,24938.0,SELL,6855077145140527151,AUTO_MATCH,REALTIME
HK.999010,2020-07-30 09:20:24,24937.0,1,24937.0,SELL,6855077145140527154,AUTO_MATCH,REALTIME
HK.999010,2020-07-30 09:20:24,24941.0,1,24941.0,NEUTRAL,6855077145140527157,AUTO_MATCH,REALTIME
HK.999010,2020-07-30 09:20:24,24941.0,1,24941.0,NEUTRAL,6855077145140527160,AUTO_MATCH,REALTIME
HK.999010,2020-07-30 09:20:24,24942.0,1,24942.0,BUY,6855077145140527167,AUTO_MATCH,REALTIME
HK.999010,2020-07-30 09:20:24,24945.0,1,24945.0,BUY,6855077145140527198,AUTO_MATCH,REALTIME
HK.999010,2020-07-30 09:20:24,24945.0,1,24945.0,BUY,6855077145140527216,AUTO_MATCH,REALTIME
HK.999010,2020-07-30 09:20:25,24945.0,2,49890.0,BUY,6855077149435494438,AUTO_MATCH,REALTIME
HK.999010,2020-07-30 09:20:25,24943.0,1,24943.0,NEUTRAL,6855077149435494445,AUTO_MATCH,REALTIME
HK.999010,2020-07-30 09:20:25,24945.0,1,24945.0,BUY,6855077149435494471,AUTO_MATCH,REALTIME
HK.999010,2020-07-30 09:20:26,24945.0,1,24945.0,BUY,6855077153730461703,AUTO_MATCH,REALTIME
HK.999010,2020-07-30 09:20:26,24945.0,1,24945.0,BUY,6855077153730461706,AUTO_MATCH,REALTIME
HK.999010,2020-07-30 09:20:26,24945.0,1,24945.0,BUY,6855077153730461713,AUTO_MATCH,REALTIME
HK.999010,2020-07-30 09:20:26,24943.0,2,49886.0,NEUTRAL,6855077153730461739,AUTO_MATCH,REALTIME
HK.999010,2020-07-30 09:20:26,24943.0,1,24943.0,NEUTRAL,6855077153730461742,AUTO_MATCH,REALTIME
HK.999010,2020-07-30 09:20:26,24943.0,1,24943.0,NEUTRAL,6855077153730461745,AUTO_MATCH,REALTIME
HK.999010,2020-07-30 09:20:26,24945.0,1,24945.0,BUY,6855077153730461772,AUTO_MATCH,REALTIME
HK.999010,2020-07-30 09:20:26,24945.0,1,24945.0,BUY,6855077153730461779,AUTO_MATCH,REALTIME
HK.999010,2020-07-30 09:20:26,24945.0,1,24945.0,BUY,6855077153730461782,AUTO_MATCH,REALTIME
HK.999010,2020-07-30 09:20:26,24944.0,2,49888.0,NEUTRAL,6855077153730461792,AUTO_MATCH,REALTIME
HK.999010,2020-07-30 09:20:26,24944.0,1,24944.0,NEUTRAL,6855077153730461807,AUTO_MATCH,REALTIME
HK.999010,2020-07-30 09:20:26,24944.0,1,24944.0,NEUTRAL,6855077153730461810,AUTO_MATCH,REALTIME
HK.999010,2020-07-30 09:20:26,24947.0,1,24947.0,BUY,6855077153730461930,AUTO_MATCH,REALTIME
HK.999010,2020-07-30 09:20:26,24950.0,1,24950.0,BUY,6855077153730461977,AUTO_MATCH,REALTIME
HK.999010,2020-07-30 09:20:27,24951.0,1,24951.0,BUY,6855077158025429050,AUTO_MATCH,REALTIME
HK.999010,2020-07-30 09:20:27,24951.0,1,24951.0,BUY,6855077158025429076,AUTO_MATCH,REALTIME
HK.999010,2020-07-30 09:20:27,24949.0,1,24949.0,SELL,6855077158025429121,AUTO_MATCH,REALTIME
HK.999010,2020-07-30 09:20:31,24948.0,1,24948.0,NEUTRAL,6855077175205298195,AUTO_MATCH,REALTIME
HK.999010,2020-07-30 09:20:32,24950.0,1,24950.0,NEUTRAL,6855077179500265502,AUTO_MATCH,REALTIME
HK.999010,2020-07-30 09:20:32,24950.0,1,24950.0,NEUTRAL,6855077179500265505,AUTO_MATCH,REALTIME
HK.999010,2020-07-30 09:20:34,24949.0,1,24949.0,SELL,6855077188090200079,AUTO_MATCH,REALTIME
HK.999010,2020-07-30 09:20:34,24949.0,1,24949.0,SELL,6855077188090200112,AUTO_MATCH,REALTIME
HK.999010,2020-07-30 09:20:34,24949.0,1,24949.0,SELL,6855077188090200119,AUTO_MATCH,REALTIME
HK.999010,2020-07-30 09:20:35,24947.0,1,24947.0,SELL,6855077192385167387,AUTO_MATCH,REALTIME
HK.999010,2020-07-30 09:20:37,24947.0,1,24947.0,SELL,6855077200975101959,AUTO_MATCH,REALTIME
HK.999010,2020-07-30 09:20:37,24948.0,1,24948.0,BUY,6855077200975101969,AUTO_MATCH,REALTIME
HK.999010,2020-07-30 09:20:39,24952.0,1,24952.0,BUY,6855077209565036586,AUTO_MATCH,REALTIME
HK.999010,2020-07-30 09:20:39,24953.0,1,24953.0,BUY,6855077209565036613,AUTO_MATCH,REALTIME
HK.999010,2020-07-30 09:20:39,24953.0,2,49906.0,BUY,6855077209565036624,AUTO_MATCH,REALTIME
HK.999010,2020-07-30 09:20:39,24953.0,1,24953.0,BUY,6855077209565036647,AUTO_MATCH,REALTIME
HK.999010,2020-07-30 09:20:40,24954.0,1,24954.0,BUY,6855077213860003847,AUTO_MATCH,REALTIME
HK.999010,2020-07-30 09:20:40,24954.0,1,24954.0,BUY,6855077213860003865,AUTO_MATCH,REALTIME
HK.999010,2020-07-30 09:20:40,24954.0,4,99816.0,BUY,6855077213860003868,AUTO_MATCH,REALTIME
HK.999010,2020-07-30 09:20:40,24955.0,1,24955.0,BUY,6855077213860004010,AUTO_MATCH,REALTIME
HK.999010,2020-07-30 09:20:40,24956.0,1,24956.0,BUY,6855077213860004029,AUTO_MATCH,REALTIME
HK.999010,2020-07-30 09:20:40,24956.0,4,99824.0,BUY,6855077213860004032,AUTO_MATCH,REALTIME
HK.999010,2020-07-30 09:20:40,24955.0,1,24955.0,SELL,6855077213860004047,AUTO_MATCH,REALTIME
HK.999010,2020-07-30 09:20:41,24956.0,1,24956.0,BUY,6855077218154971143,AUTO_MATCH,REALTIME
HK.999010,2020-07-30 09:20:41,24956.0,1,24956.0,BUY,6855077218154971146,AUTO_MATCH,REALTIME
HK.999010,2020-07-30 09:20:41,24956.0,1,24956.0,BUY,6855077218154971153,AUTO_MATCH,REALTIME
HK.999010,2020-07-30 09:20:41,24956.0,1,24956.0,BUY,6855077218154971216,AUTO_MATCH,REALTIME
HK.999010,2020-07-30 09:20:43,24952.0,1,24952.0,NEUTRAL,6855077226744905763,AUTO_MATCH,REALTIME
HK.999010,2020-07-30 09:20:43,24953.0,2,49906.0,BUY,6855077226744905766,AUTO_MATCH,REALTIME
HK.999010,2020-07-30 09:20:44,24953.0,1,24953.0,NEUTRAL,6855077231039873051,AUTO_MATCH,REALTIME
HK.999010,2020-07-30 09:20:44,24954.0,1,24954.0,NEUTRAL,6855077231039873058,AUTO_MATCH,REALTIME
HK.999010,2020-07-30 09:20:46,24949.0,1,24949.0,SELL,6855077239629807644,AUTO_MATCH,REALTIME
HK.999010,2020-07-30 09:20:47,24952.0,1,24952.0,BUY,6855077243924774934,AUTO_MATCH,REALTIME
HK.999010,2020-07-30 09:20:49,24955.0,1,24955.0,NEUTRAL,6855077252514709522,AUTO_MATCH,REALTIME
HK.999010,2020-07-30 09:20:50,24951.0,1,24951.0,SELL,6855077256809676811,AUTO_MATCH,REALTIME
HK.999010,2020-07-30 09:20:52,24952.0,1,24952.0,NEUTRAL,6855077265399611419,AUTO_MATCH,REALTIME
HK.999010,2020-07-30 09:20:53,24953.0,1,24953.0,NEUTRAL,6855077269694578715,AUTO_MATCH,REALTIME
HK.999010,2020-07-30 09:20:54,24956.0,1,24956.0,NEUTRAL,6855077273989546029,AUTO_MATCH,REALTIME
HK.999010,2020-07-30 09:20:55,24957.0,1,24957.0,BUY,6855077278284513305,AUTO_MATCH,REALTIME
HK.999010,2020-07-30 09:20:55,24957.0,1,24957.0,SELL,6855077278284513432,AUTO_MATCH,REALTIME
HK.999010,2020-07-30 09:20:55,24957.0,1,24957.0,SELL,6855077278284513435,AUTO_MATCH,REALTIME
HK.999010,2020-07-30 09:20:55,24960.0,1,24960.0,BUY,6855077278284513508,AUTO_MATCH,REALTIME
HK.999010,2020-07-30 09:20:55,24960.0,1,24960.0,BUY,6855077278284513511,AUTO_MATCH,REALTIME
HK.999010,2020-07-30 09:20:57,24963.0,1,24963.0,NEUTRAL,6855077286874447923,AUTO_MATCH,REALTIME
HK.999010,2020-07-30 09:20:58,24961.0,1,24961.0,SELL,6855077291169415179,AUTO_MATCH,REALTIME
HK.999010,2020-07-30 09:20:58,24960.0,1,24960.0,SELL,6855077291169415247,AUTO_MATCH,REALTIME
HK.999010,2020-07-30 09:20:58,24961.0,1,24961.0,BUY,6855077291169415373,AUTO_MATCH,REALTIME
HK.999010,2020-07-30 09:21:00,24962.0,1,24962.0,NEUTRAL,6855077299759349811,AUTO_MATCH,REALTIME
HK.999010,2020-07-30 09:21:01,24957.0,1,24957.0,NEUTRAL,6855077304054317110,AUTO_MATCH,REALTIME
HK.999010,2020-07-30 09:21:05,24958.0,1,24958.0,NEUTRAL,6855077321234186292,AUTO_MATCH,REALTIME
HK.999010,2020-07-30 09:21:05,24956.0,1,24956.0,SELL,6855077321234186299,AUTO_MATCH,REALTIME
HK.999010,2020-07-30 09:21:05,24956.0,1,24956.0,SELL,6855077321234186302,AUTO_MATCH,REALTIME
HK.999010,2020-07-30 09:21:05,24956.0,2,49912.0,SELL,6855077321234186313,AUTO_MATCH,REALTIME
HK.999010,2020-07-30 09:21:05,24955.0,1,24955.0,SELL,6855077321234186316,AUTO_MATCH,REALTIME
HK.999010,2020-07-30 09:21:05,24955.0,1,24955.0,SELL,6855077321234186319,AUTO_MATCH,REALTIME
HK.999010,2020-07-30 09:21:05,24955.0,1,24955.0,SELL,6855077321234186322,AUTO_MATCH,REALTIME
HK.999010,2020-07-30 09:21:05,24955.0,1,24955.0,SELL,6855077321234186329,AUTO_MATCH,REALTIME
HK.999010,2020-07-30 09:21:05,24955.0,1,24955.0,SELL,6855077321234186336,AUTO_MATCH,REALTIME
HK.999010,2020-07-30 09:21:05,24955.0,1,24955.0,SELL,6855077321234186343,AUTO_MATCH,REALTIME
HK.999010,2020-07-30 09:21:06,24956.0,1,24956.0,BUY,6855077325529153643,AUTO_MATCH,REALTIME
HK.999010,2020-07-30 09:21:06,24953.0,1,24953.0,SELL,6855077325529153667,AUTO_MATCH,REALTIME
HK.999010,2020-07-30 09:21:07,24955.0,1,24955.0,NEUTRAL,6855077329824120868,AUTO_MATCH,REALTIME
HK.999010,2020-07-30 09:21:08,24953.0,1,24953.0,NEUTRAL,6855077334119088153,AUTO_MATCH,REALTIME
HK.999010,2020-07-30 09:21:09,24952.0,1,24952.0,NEUTRAL,6855077338414055489,AUTO_MATCH,REALTIME
HK.999010,2020-07-30 09:21:11,24950.0,1,24950.0,SELL,6855077347003990031,AUTO_MATCH,REALTIME
HK.999010,2020-07-30 09:21:11,24950.0,1,24950.0,SELL,6855077347003990038,AUTO_MATCH,REALTIME
HK.999010,2020-07-30 09:21:12,24953.0,1,24953.0,BUY,6855077351298957355,AUTO_MATCH,REALTIME
HK.999010,2020-07-30 09:21:13,24952.0,1,24952.0,SELL,6855077355593924670,AUTO_MATCH,REALTIME
HK.999010,2020-07-30 09:21:13,24951.0,1,24951.0,SELL,6855077355593924684,AUTO_MATCH,REALTIME
HK.999010,2020-07-30 09:21:17,24949.0,1,24949.0,SELL,6855077372773793823,AUTO_MATCH,REALTIME
HK.999010,2020-07-30 09:21:19,24948.0,6,149688.0,NEUTRAL,6855077381363728423,AUTO_MATCH,REALTIME
HK.999010,2020-07-30 09:21:20,24946.0,1,24946.0,NEUTRAL,6855077385658695773,AUTO_MATCH,REALTIME
HK.999010,2020-07-30 09:21:20,24947.0,1,24947.0,NEUTRAL,6855077385658695780,AUTO_MATCH,REALTIME
HK.999010,2020-07-30 09:21:25,24947.0,1,24947.0,NEUTRAL,6855077407133532183,AUTO_MATCH,REALTIME
HK.999010,2020-07-30 09:21:28,24951.0,1,24951.0,BUY,6855077420018434051,AUTO_MATCH,REALTIME
HK.999010,2020-07-30 09:21:28,24951.0,1,24951.0,BUY,6855077420018434074,AUTO_MATCH,REALTIME
HK.999010,2020-07-30 09:21:28,24951.0,1,24951.0,BUY,6855077420018434081,AUTO_MATCH,REALTIME
HK.999010,2020-07-30 09:21:29,24951.0,1,24951.0,BUY,6855077424313401347,AUTO_MATCH,REALTIME
HK.999010,2020-07-30 09:21:29,24953.0,1,24953.0,BUY,6855077424313401377,AUTO_MATCH,REALTIME
HK.999010,2020-07-30 09:21:29,24954.0,1,24954.0,NEUTRAL,6855077424313401409,AUTO_MATCH,REALTIME
HK.999010,2020-07-30 09:21:30,24955.0,1,24955.0,BUY,6855077428608368655,AUTO_MATCH,REALTIME
HK.999010,2020-07-30 09:21:32,24950.0,1,24950.0,BUY,6855077437198303250,AUTO_MATCH,REALTIME
HK.999010,2020-07-30 09:21:32,24950.0,1,24950.0,SELL,6855077437198303272,AUTO_MATCH,REALTIME
HK.999010,2020-07-30 09:21:33,24952.0,1,24952.0,BUY,6855077441493270542,AUTO_MATCH,REALTIME
HK.999010,2020-07-30 09:21:33,24951.0,1,24951.0,NEUTRAL,6855077441493270557,AUTO_MATCH,REALTIME
HK.999010,2020-07-30 09:21:35,24949.0,1,24949.0,SELL,6855077450083205139,AUTO_MATCH,REALTIME
HK.999010,2020-07-30 09:21:36,24949.0,1,24949.0,SELL,6855077454378172440,AUTO_MATCH,REALTIME
HK.999010,2020-07-30 09:21:37,24947.0,1,24947.0,SELL,6855077458673139748,AUTO_MATCH,REALTIME
HK.999010,2020-07-30 09:21:37,24949.0,1,24949.0,NEUTRAL,6855077458673139755,AUTO_MATCH,REALTIME
HK.999010,2020-07-30 09:21:41,24951.0,1,24951.0,NEUTRAL,6855077475853008942,AUTO_MATCH,REALTIME
HK.999010,2020-07-30 09:21:43,24951.0,1,24951.0,NEUTRAL,6855077484442943518,AUTO_MATCH,REALTIME
HK.999010,2020-07-30 09:21:44,24952.0,1,24952.0,BUY,6855077484442943532,AUTO_MATCH,REALTIME
HK.999010,2020-07-30 09:21:44,24952.0,1,24952.0,BUY,6855077484442943555,AUTO_MATCH,REALTIME
HK.999010,2020-07-30 09:21:44,24952.0,3,74856.0,BUY,6855077488737910787,AUTO_MATCH,REALTIME
HK.999010,2020-07-30 09:21:44,24953.0,1,24953.0,NEUTRAL,6855077488737910841,AUTO_MATCH,REALTIME
HK.999010,2020-07-30 09:21:45,24952.0,1,24952.0,BUY,6855077493032878114,AUTO_MATCH,REALTIME
HK.999010,2020-07-30 09:21:45,24953.0,1,24953.0,BUY,6855077493032878125,AUTO_MATCH,REALTIME
HK.999010,2020-07-30 09:21:47,24950.0,1,24950.0,SELL,6855077501622812675,AUTO_MATCH,REALTIME
HK.999010,2020-07-30 09:21:48,24953.0,1,24953.0,BUY,6855077505917779974,AUTO_MATCH,REALTIME
HK.999010,2020-07-30 09:21:49,24953.0,1,24953.0,NEUTRAL,6855077510212747299,AUTO_MATCH,REALTIME
HK.999010,2020-07-30 09:21:53,24953.0,1,24953.0,NEUTRAL,6855077527392616463,AUTO_MATCH,REALTIME
HK.999010,2020-07-30 09:21:55,24947.0,1,24947.0,SELL,6855077535982551063,AUTO_MATCH,REALTIME
HK.999010,2020-07-30 09:21:57,24949.0,1,24949.0,NEUTRAL,6855077544572485647,AUTO_MATCH,REALTIME
HK.999010,2020-07-30 09:21:57,24948.0,1,24948.0,NEUTRAL,6855077544572485650,AUTO_MATCH,REALTIME
HK.999010,2020-07-30 09:21:57,24948.0,2,49896.0,NEUTRAL,6855077544572485665,AUTO_MATCH,REALTIME
HK.999010,2020-07-30 09:21:57,24947.0,1,24947.0,SELL,6855077544572485668,AUTO_MATCH,REALTIME
HK.999010,2020-07-30 09:21:57,24947.0,1,24947.0,SELL,6855077544572485679,AUTO_MATCH,REALTIME
HK.999010,2020-07-30 09:21:57,24947.0,1,24947.0,SELL,6855077544572485686,AUTO_MATCH,REALTIME
HK.999010,2020-07-30 09:21:58,24949.0,1,24949.0,NEUTRAL,6855077548867452947,AUTO_MATCH,REALTIME
HK.999010,2020-07-30 09:22:00,24950.0,1,24950.0,BUY,6855077557457387535,AUTO_MATCH,REALTIME
HK.999010,2020-07-30 09:22:01,24948.0,1,24948.0,NEUTRAL,6855077561752354855,AUTO_MATCH,REALTIME
HK.999010,2020-07-30 09:22:02,24947.0,1,24947.0,NEUTRAL,6855077566047322138,AUTO_MATCH,REALTIME
HK.999010,2020-07-30 09:22:02,24947.0,1,24947.0,NEUTRAL,6855077566047322145,AUTO_MATCH,REALTIME
HK.999010,2020-07-30 09:22:05,24948.0,1,24948.0,BUY,6855077578932224015,AUTO_MATCH,REALTIME
HK.999010,2020-07-30 09:22:05,24950.0,1,24950.0,BUY,6855077578932224050,AUTO_MATCH,REALTIME
HK.999010,2020-07-30 09:22:05,24950.0,1,24950.0,BUY,6855077578932224053,AUTO_MATCH,REALTIME
HK.999010,2020-07-30 09:22:05,24951.0,1,24951.0,BUY,6855077578932224074,AUTO_MATCH,REALTIME
HK.999010,2020-07-30 09:22:06,24951.0,1,24951.0,SELL,6855077583227191361,AUTO_MATCH,REALTIME
HK.999010,2020-07-30 09:22:08,24954.0,1,24954.0,BUY,6855077591817125899,AUTO_MATCH,REALTIME
HK.999010,2020-07-30 09:22:08,24952.0,1,24952.0,NEUTRAL,6855077591817125910,AUTO_MATCH,REALTIME
HK.999010,2020-07-30 09:22:09,24954.0,1,24954.0,BUY,6855077596112093191,AUTO_MATCH,REALTIME
HK.999010,2020-07-30 09:22:09,24954.0,1,24954.0,BUY,6855077596112093237,AUTO_MATCH,REALTIME
HK.999010,2020-07-30 09:22:09,24955.0,1,24955.0,BUY,6855077596112093244,AUTO_MATCH,REALTIME
HK.999010,2020-07-30 09:22:10,24950.0,1,24950.0,BUY,6855077600407060506,AUTO_MATCH,REALTIME
HK.999010,2020-07-30 09:22:10,24949.0,1,24949.0,NEUTRAL,6855077600407060517,AUTO_MATCH,REALTIME
HK.999010,2020-07-30 09:22:10,24949.0,1,24949.0,NEUTRAL,6855077600407060532,AUTO_MATCH,REALTIME
HK.999010,2020-07-30 09:22:13,24950.0,2,49900.0,SELL,6855077613291962399,AUTO_MATCH,REALTIME
HK.999010,2020-07-30 09:22:13,24949.0,1,24949.0,SELL,6855077613291962406,AUTO_MATCH,REALTIME
HK.999010,2020-07-30 09:22:13,24949.0,1,24949.0,SELL,6855077613291962409,AUTO_MATCH,REALTIME
HK.999010,2020-07-30 09:22:13,24948.0,1,24948.0,SELL,6855077613291962416,AUTO_MATCH,REALTIME
HK.999010,2020-07-30 09:22:13,24947.0,1,24947.0,SELL,6855077613291962419,AUTO_MATCH,REALTIME
HK.999010,2020-07-30 09:22:13,24947.0,1,24947.0,SELL,6855077613291962422,AUTO_MATCH,REALTIME
HK.999010,2020-07-30 09:22:14,24951.0,1,24951.0,BUY,6855077617586929679,AUTO_MATCH,REALTIME
HK.999010,2020-07-30 09:22:14,24950.0,1,24950.0,SELL,6855077617586929694,AUTO_MATCH,REALTIME
HK.999010,2020-07-30 09:22:14,24952.0,1,24952.0,NEUTRAL,6855077617586929720,AUTO_MATCH,REALTIME
HK.999010,2020-07-30 09:22:17,24952.0,1,24952.0,NEUTRAL,6855077630471831555,AUTO_MATCH,REALTIME
HK.999010,2020-07-30 09:22:17,24953.0,1,24953.0,BUY,6855077630471831605,AUTO_MATCH,REALTIME
HK.999010,2020-07-30 09:22:18,24954.0,1,24954.0,BUY,6855077634766798867,AUTO_MATCH,REALTIME
HK.999010,2020-07-30 09:22:18,24952.0,1,24952.0,SELL,6855077634766798882,AUTO_MATCH,REALTIME
HK.999010,2020-07-30 09:22:18,24952.0,1,24952.0,SELL,6855077634766798885,AUTO_MATCH,REALTIME
HK.999010,2020-07-30 09:22:18,24954.0,1,24954.0,SELL,6855077634766798892,AUTO_MATCH,REALTIME
HK.999010,2020-07-30 09:22:18,24954.0,1,24954.0,SELL,6855077634766798903,AUTO_MATCH,REALTIME
HK.999010,2020-07-30 09:22:19,24954.0,1,24954.0,BUY,6855077639061766147,AUTO_MATCH,REALTIME
HK.999010,2020-07-30 09:22:19,24954.0,1,24954.0,BUY,6855077639061766154,AUTO_MATCH,REALTIME
HK.999010,2020-07-30 09:22:22,24953.0,1,24953.0,SELL,6855077651946668062,AUTO_MATCH,REALTIME
HK.999010,2020-07-30 09:22:22,24952.0,3,74856.0,SELL,6855077651946668065,AUTO_MATCH,REALTIME
HK.999010,2020-07-30 09:22:22,24952.0,1,24952.0,SELL,6855077651946668068,AUTO_MATCH,REALTIME
HK.999010,2020-07-30 09:22:22,24952.0,5,124760.0,SELL,6855077651946668087,AUTO_MATCH,REALTIME
HK.999010,2020-07-30 09:22:22,24951.0,1,24951.0,SELL,6855077651946668098,AUTO_MATCH,REALTIME
HK.999010,2020-07-30 09:22:22,24952.0,1,24952.0,NEUTRAL,6855077651946668115,AUTO_MATCH,REALTIME
HK.999010,2020-07-30 09:22:25,24952.0,1,24952.0,BUY,6855077660536602627,AUTO_MATCH,REALTIME
HK.999010,2020-07-30 09:22:26,24952.0,1,24952.0,SELL,6855077669126537223,AUTO_MATCH,REALTIME
HK.999010,2020-07-30 09:22:26,24953.0,1,24953.0,BUY,6855077669126537230,AUTO_MATCH,REALTIME
HK.999010,2020-07-30 09:22:27,24953.0,1,24953.0,BUY,6855077673421504515,AUTO_MATCH,REALTIME
HK.999010,2020-07-30 09:22:28,24953.0,1,24953.0,BUY,6855077677716471811,AUTO_MATCH,REALTIME
HK.999010,2020-07-30 09:22:31,24951.0,1,24951.0,NEUTRAL,6855077690601373725,AUTO_MATCH,REALTIME
HK.999010,2020-07-30 09:22:32,24953.0,1,24953.0,BUY,6855077694896341019,AUTO_MATCH,REALTIME
HK.999010,2020-07-30 09:22:32,24954.0,1,24954.0,NEUTRAL,6855077694896341074,AUTO_MATCH,REALTIME
HK.999010,2020-07-30 09:22:33,24955.0,1,24955.0,BUY,6855077699191308326,AUTO_MATCH,REALTIME
HK.999010,2020-07-30 09:22:33,24955.0,1,24955.0,BUY,6855077699191308329,AUTO_MATCH,REALTIME
HK.999010,2020-07-30 09:22:34,24955.0,1,24955.0,BUY,6855077703486275627,AUTO_MATCH,REALTIME
HK.999010,2020-07-30 09:22:35,24953.0,1,24953.0,SELL,6855077707781242902,AUTO_MATCH,REALTIME
HK.999010,2020-07-30 09:22:35,24952.0,1,24952.0,SELL,6855077707781242921,AUTO_MATCH,REALTIME
HK.999010,2020-07-30 09:22:39,24949.0,1,24949.0,NEUTRAL,6855077724961112170,AUTO_MATCH,REALTIME
HK.999010,2020-07-30 09:22:43,24952.0,1,24952.0,NEUTRAL,6855077742140981275,AUTO_MATCH,REALTIME
HK.999010,2020-07-30 09:22:44,24953.0,2,49906.0,BUY,6855077746435948571,AUTO_MATCH,REALTIME
HK.999010,2020-07-30 09:22:44,24953.0,2,49906.0,BUY,6855077746435948574,AUTO_MATCH,REALTIME
HK.999010,2020-07-30 09:22:45,24953.0,1,24953.0,BUY,6855077750730915843,AUTO_MATCH,REALTIME
HK.999010,2020-07-30 09:22:45,24953.0,2,49906.0,BUY,6855077750730915850,AUTO_MATCH,REALTIME
HK.999010,2020-07-30 09:22:45,24953.0,2,49906.0,BUY,6855077750730915857,AUTO_MATCH,REALTIME
HK.999010,2020-07-30 09:22:45,24953.0,1,24953.0,BUY,6855077750730915864,AUTO_MATCH,REALTIME
HK.999010,2020-07-30 09:22:46,24953.0,1,24953.0,NEUTRAL,6855077755025883151,AUTO_MATCH,REALTIME
HK.999010,2020-07-30 09:22:47,24954.0,1,24954.0,NEUTRAL,6855077759320850471,AUTO_MATCH,REALTIME
HK.999010,2020-07-30 09:22:49,24952.0,1,24952.0,NEUTRAL,6855077767910785048,AUTO_MATCH,REALTIME
HK.999010,2020-07-30 09:22:50,24952.0,1,24952.0,BUY,6855077772205752347,AUTO_MATCH,REALTIME
HK.999010,2020-07-30 09:22:50,24952.0,1,24952.0,BUY,6855077772205752354,AUTO_MATCH,REALTIME
HK.999010,2020-07-30 09:22:51,24953.0,1,24953.0,NEUTRAL,6855077776500719623,AUTO_MATCH,REALTIME
HK.999010,2020-07-30 09:22:52,24953.0,1,24953.0,BUY,6855077780795686959,AUTO_MATCH,REALTIME
HK.999010,2020-07-30 09:22:52,24953.0,1,24953.0,BUY,6855077780795686962,AUTO_MATCH,REALTIME
HK.999010,2020-07-30 09:22:52,24952.0,1,24952.0,NEUTRAL,6855077780795686997,AUTO_MATCH,REALTIME
HK.999010,2020-07-30 09:22:53,24954.0,1,24954.0,BUY,6855077785090654215,AUTO_MATCH,REALTIME
HK.999010,2020-07-30 09:22:54,24954.0,1,24954.0,BUY,6855077789385621515,AUTO_MATCH,REALTIME
HK.999010,2020-07-30 09:22:55,24954.0,1,24954.0,BUY,6855077793680588826,AUTO_MATCH,REALTIME
HK.999010,2020-07-30 09:22:56,24954.0,3,74862.0,BUY,6855077797975556119,AUTO_MATCH,REALTIME
HK.999010,2020-07-30 09:22:58,24953.0,2,49906.0,SELL,6855077806565490741,AUTO_MATCH,REALTIME
HK.999010,2020-07-30 09:22:58,24953.0,1,24953.0,SELL,6855077806565490748,AUTO_MATCH,REALTIME
HK.999010,2020-07-30 09:22:58,24952.0,1,24952.0,SELL,6855077806565490751,AUTO_MATCH,REALTIME
HK.999010,2020-07-30 09:22:58,24952.0,1,24952.0,SELL,6855077806565490754,AUTO_MATCH,REALTIME
HK.999010,2020-07-30 09:22:58,24952.0,2,49904.0,SELL,6855077806565490761,AUTO_MATCH,REALTIME
HK.999010,2020-07-30 09:22:58,24952.0,3,74856.0,SELL,6855077806565490768,AUTO_MATCH,REALTIME
HK.999010,2020-07-30 09:23:00,24954.0,1,24954.0,NEUTRAL,6855077815155425287,AUTO_MATCH,REALTIME
HK.999010,2020-07-30 09:23:01,24953.0,3,74859.0,NEUTRAL,6855077819450392587,AUTO_MATCH,REALTIME
HK.999010,2020-07-30 09:23:02,24954.0,1,24954.0,SELL,6855077823745360035,AUTO_MATCH,REALTIME
HK.999010,2020-07-30 09:23:02,24954.0,1,24954.0,SELL,6855077823745360038,AUTO_MATCH,REALTIME
HK.999010,2020-07-30 09:23:02,24954.0,1,24954.0,SELL,6855077823745360045,AUTO_MATCH,REALTIME
HK.999010,2020-07-30 09:23:02,24955.0,1,24955.0,NEUTRAL,6855077823745360133,AUTO_MATCH,REALTIME
HK.999010,2020-07-30 09:23:04,24955.0,1,24955.0,NEUTRAL,6855077832335294499,AUTO_MATCH,REALTIME
HK.999010,2020-07-30 09:23:07,24954.0,1,24954.0,SELL,6855077845220196367,AUTO_MATCH,REALTIME
HK.999010,2020-07-30 09:23:08,24955.0,1,24955.0,BUY,6855077849515163706,AUTO_MATCH,REALTIME
HK.999010,2020-07-30 09:23:08,24956.0,1,24956.0,BUY,6855077849515163729,AUTO_MATCH,REALTIME
HK.999010,2020-07-30 09:23:08,24954.0,1,24954.0,NEUTRAL,6855077849515163732,AUTO_MATCH,REALTIME
HK.999010,2020-07-30 09:23:08,24955.0,1,24955.0,NEUTRAL,6855077849515163747,AUTO_MATCH,REALTIME
HK.999010,2020-07-30 09:23:11,24956.0,3,74868.0,BUY,6855077862400065571,AUTO_MATCH,REALTIME
HK.999010,2020-07-30 09:23:12,24955.0,1,24955.0,NEUTRAL,6855077866695032866,AUTO_MATCH,REALTIME
HK.999010,2020-07-30 09:23:14,24953.0,1,24953.0,SELL,6855077875284967427,AUTO_MATCH,REALTIME
HK.999010,2020-07-30 09:23:17,24954.0,1,24954.0,NEUTRAL,6855077888169869319,AUTO_MATCH,REALTIME
HK.999010,2020-07-30 09:23:17,24953.0,2,49906.0,SELL,6855077888169869322,AUTO_MATCH,REALTIME
HK.999010,2020-07-30 09:23:18,24954.0,1,24954.0,BUY,6855077892464836619,AUTO_MATCH,REALTIME
HK.999010,2020-07-30 09:23:20,24949.0,1,24949.0,SELL,6855077901054771221,AUTO_MATCH,REALTIME
HK.999010,2020-07-30 09:23:21,24951.0,1,24951.0,BUY,6855077905349738506,AUTO_MATCH,REALTIME
HK.999010,2020-07-30 09:23:23,24946.0,1,24946.0,SELL,6855077913939673095,AUTO_MATCH,REALTIME
HK.999010,2020-07-30 09:23:24,24948.0,1,24948.0,NEUTRAL,6855077918234640423,AUTO_MATCH,REALTIME
HK.999010,2020-07-30 09:23:25,24948.0,1,24948.0,NEUTRAL,6855077922529607691,AUTO_MATCH,REALTIME
HK.999010,2020-07-30 09:23:25,24945.0,1,24945.0,SELL,6855077922529607816,AUTO_MATCH,REALTIME
HK.999010,2020-07-30 09:23:28,24948.0,1,24948.0,BUY,6855077935414509630,AUTO_MATCH,REALTIME
HK.999010,2020-07-30 09:23:28,24948.0,1,24948.0,BUY,6855077935414509655,AUTO_MATCH,REALTIME
HK.999010,2020-07-30 09:23:29,24948.0,1,24948.0,NEUTRAL,6855077939709476871,AUTO_MATCH,REALTIME
HK.999010,2020-07-30 09:23:29,24942.0,1,24942.0,SELL,6855077939709476989,AUTO_MATCH,REALTIME
HK.999010,2020-07-30 09:23:29,24941.0,1,24941.0,SELL,6855077939709477016,AUTO_MATCH,REALTIME
HK.999010,2020-07-30 09:23:30,24940.0,1,24940.0,SELL,6855077939709477062,AUTO_MATCH,REALTIME
HK.999010,2020-07-30 09:23:30,24937.0,1,24937.0,SELL,6855077944004444297,AUTO_MATCH,REALTIME
HK.999010,2020-07-30 09:23:30,24936.0,1,24936.0,SELL,6855077944004444359,AUTO_MATCH,REALTIME
HK.999010,2020-07-30 09:23:30,24936.0,1,24936.0,SELL,6855077944004444362,AUTO_MATCH,REALTIME
HK.999010,2020-07-30 09:23:30,24935.0,2,49870.0,SELL,6855077944004444385,AUTO_MATCH,REALTIME
HK.999010,2020-07-30 09:23:30,24935.0,1,24935.0,SELL,6855077944004444388,AUTO_MATCH,REALTIME
HK.999010,2020-07-30 09:23:30,24934.0,1,24934.0,SELL,6855077944004444411,AUTO_MATCH,REALTIME
HK.999010,2020-07-30 09:23:30,24933.0,1,24933.0,SELL,6855077944004444422,AUTO_MATCH,REALTIME
HK.999010,2020-07-30 09:23:30,24933.0,1,24933.0,SELL,6855077944004444425,AUTO_MATCH,REALTIME
HK.999010,2020-07-30 09:23:30,24932.0,1,24932.0,SELL,6855077944004444519,AUTO_MATCH,REALTIME
HK.999010,2020-07-30 09:23:30,24932.0,1,24932.0,SELL,6855077944004444522,AUTO_MATCH,REALTIME
HK.999010,2020-07-30 09:23:30,24931.0,1,24931.0,SELL,6855077944004444553,AUTO_MATCH,REALTIME
HK.999010,2020-07-30 09:23:30,24936.0,1,24936.0,SELL,6855077944004444669,AUTO_MATCH,REALTIME
HK.999010,2020-07-30 09:23:30,24931.0,1,24931.0,SELL,6855077944004444812,AUTO_MATCH,REALTIME
HK.999010,2020-07-30 09:23:30,24930.0,1,24930.0,SELL,6855077944004444835,AUTO_MATCH,REALTIME
HK.999010,2020-07-30 09:23:30,24933.0,1,24933.0,SELL,6855077944004444944,AUTO_MATCH,REALTIME
HK.999010,2020-07-30 09:23:31,24942.0,1,24942.0,BUY,6855077948299411487,AUTO_MATCH,REALTIME
HK.999010,2020-07-30 09:23:31,24942.0,1,24942.0,NEUTRAL,6855077948299411522,AUTO_MATCH,REALTIME
HK.999010,2020-07-30 09:23:31,24945.0,1,24945.0,BUY,6855077948299411577,AUTO_MATCH,REALTIME
HK.999010,2020-07-30 09:23:32,24946.0,1,24946.0,NEUTRAL,6855077952594378774,AUTO_MATCH,REALTIME
HK.999010,2020-07-30 09:23:32,24946.0,1,24946.0,NEUTRAL,6855077952594378845,AUTO_MATCH,REALTIME
HK.999010,2020-07-30 09:23:33,24949.0,1,24949.0,BUY,6855077956889346058,AUTO_MATCH,REALTIME
HK.999010,2020-07-30 09:23:33,24949.0,1,24949.0,BUY,6855077956889346069,AUTO_MATCH,REALTIME
HK.999010,2020-07-30 09:23:34,24952.0,1,24952.0,BUY,6855077961184313351,AUTO_MATCH,REALTIME
HK.999010,2020-07-30 09:23:34,24951.0,1,24951.0,NEUTRAL,6855077961184313380,AUTO_MATCH,REALTIME
HK.999010,2020-07-30 09:23:35,24950.0,1,24950.0,SELL,6855077965479280651,AUTO_MATCH,REALTIME
HK.999010,2020-07-30 09:23:36,24949.0,1,24949.0,BUY,6855077969774247994,AUTO_MATCH,REALTIME
HK.999010,2020-07-30 09:23:38,24952.0,1,24952.0,BUY,6855077978364182535,AUTO_MATCH,REALTIME
HK.999010,2020-07-30 09:23:38,24948.0,1,24948.0,SELL,6855077978364182553,AUTO_MATCH,REALTIME
HK.999010,2020-07-30 09:23:39,24950.0,1,24950.0,BUY,6855077982659149830,AUTO_MATCH,REALTIME
HK.999010,2020-07-30 09:23:39,24950.0,1,24950.0,BUY,6855077982659149833,AUTO_MATCH,REALTIME
HK.999010,2020-07-30 09:23:39,24950.0,1,24950.0,BUY,6855077982659149844,AUTO_MATCH,REALTIME
HK.999010,2020-07-30 09:23:39,24950.0,1,24950.0,BUY,6855077982659149855,AUTO_MATCH,REALTIME
HK.999010,2020-07-30 09:23:40,24949.0,1,24949.0,SELL,6855077986954117131,AUTO_MATCH,REALTIME
HK.999010,2020-07-30 09:23:40,24948.0,1,24948.0,SELL,6855077986954117142,AUTO_MATCH,REALTIME
HK.999010,2020-07-30 09:23:42,24949.0,1,24949.0,BUY,6855077995544051731,AUTO_MATCH,REALTIME
HK.999010,2020-07-30 09:23:42,24949.0,1,24949.0,BUY,6855077995544051738,AUTO_MATCH,REALTIME
HK.999010,2020-07-30 09:23:44,24946.0,1,24946.0,SELL,6855078004133986331,AUTO_MATCH,REALTIME
HK.999010,2020-07-30 09:23:46,24948.0,1,24948.0,NEUTRAL,6855078012723920903,AUTO_MATCH,REALTIME
HK.999010,2020-07-30 09:23:46,24949.0,1,24949.0,BUY,6855078012723920918,AUTO_MATCH,REALTIME
HK.999010,2020-07-30 09:23:46,24949.0,1,24949.0,BUY,6855078012723920921,AUTO_MATCH,REALTIME
HK.999010,2020-07-30 09:23:46,24949.0,1,24949.0,BUY,6855078012723920924,AUTO_MATCH,REALTIME
HK.999010,2020-07-30 09:23:49,24950.0,1,24950.0,BUY,6855078025608822814,AUTO_MATCH,REALTIME
HK.999010,2020-07-30 09:23:49,24950.0,1,24950.0,BUY,6855078025608822821,AUTO_MATCH,REALTIME
HK.999010,2020-07-30 09:23:49,24950.0,1,24950.0,BUY,6855078025608822824,AUTO_MATCH,REALTIME
HK.999010,2020-07-30 09:23:49,24952.0,1,24952.0,BUY,6855078025608822862,AUTO_MATCH,REALTIME
HK.999010,2020-07-30 09:23:49,24951.0,1,24951.0,BUY,6855078025608822881,AUTO_MATCH,REALTIME
HK.999010,2020-07-30 09:23:50,24953.0,5,124765.0,BUY,6855078029903790087,AUTO_MATCH,REALTIME
HK.999010,2020-07-30 09:23:50,24953.0,5,124765.0,BUY,6855078029903790094,AUTO_MATCH,REALTIME
HK.999010,2020-07-30 09:23:50,24953.0,1,24953.0,BUY,6855078029903790097,AUTO_MATCH,REALTIME
HK.999010,2020-07-30 09:23:50,24953.0,1,24953.0,BUY,6855078029903790104,AUTO_MATCH,REALTIME
HK.999010,2020-07-30 09:23:51,24954.0,1,24954.0,NEUTRAL,6855078034198757383,AUTO_MATCH,REALTIME
HK.999010,2020-07-30 09:23:54,24951.0,2,49902.0,NEUTRAL,6855078047083659275,AUTO_MATCH,REALTIME
HK.999010,2020-07-30 09:23:54,24952.0,1,24952.0,BUY,6855078047083659282,AUTO_MATCH,REALTIME
HK.999010,2020-07-30 09:23:54,24952.0,2,49904.0,BUY,6855078047083659285,AUTO_MATCH,REALTIME
HK.999010,2020-07-30 09:23:55,24952.0,1,24952.0,NEUTRAL,6855078051378626567,AUTO_MATCH,REALTIME
HK.999010,2020-07-30 09:23:55,24950.0,5,124750.0,SELL,6855078051378626586,AUTO_MATCH,REALTIME
HK.999010,2020-07-30 09:23:55,24947.0,1,24947.0,SELL,6855078051378626620,AUTO_MATCH,REALTIME
HK.999010,2020-07-30 09:23:58,24947.0,1,24947.0,SELL,6855078064263528503,AUTO_MATCH,REALTIME
HK.999010,2020-07-30 09:23:58,24947.0,1,24947.0,SELL,6855078064263528506,AUTO_MATCH,REALTIME
HK.999010,2020-07-30 09:23:58,24946.0,1,24946.0,SELL,6855078064263528537,AUTO_MATCH,REALTIME
HK.999010,2020-07-30 09:23:58,24945.0,1,24945.0,SELL,6855078064263528572,AUTO_MATCH,REALTIME
HK.999010,2020-07-30 09:23:58,24945.0,1,24945.0,SELL,6855078064263528575,AUTO_MATCH,REALTIME
HK.999010,2020-07-30 09:23:58,24944.0,1,24944.0,SELL,6855078064263528586,AUTO_MATCH,REALTIME
HK.999010,2020-07-30 09:23:58,24943.0,1,24943.0,SELL,6855078064263528605,AUTO_MATCH,REALTIME
HK.999010,2020-07-30 09:23:58,24948.0,2,49896.0,SELL,6855078064263528612,AUTO_MATCH,REALTIME
HK.999010,2020-07-30 09:23:59,24945.0,10,249450.0,NEUTRAL,6855078068558495751,AUTO_MATCH,REALTIME
HK.999010,2020-07-30 09:23:59,24945.0,1,24945.0,NEUTRAL,6855078068558495762,AUTO_MATCH,REALTIME
HK.999010,2020-07-30 09:24:02,24945.0,1,24945.0,NEUTRAL,6855078081443397650,AUTO_MATCH,REALTIME
HK.999010,2020-07-30 09:24:03,24947.0,1,24947.0,BUY,6855078085738364945,AUTO_MATCH,REALTIME
HK.999010,2020-07-30 09:24:03,24946.0,1,24946.0,NEUTRAL,6855078085738364964,AUTO_MATCH,REALTIME
HK.999010,2020-07-30 09:24:06,24948.0,5,124740.0,BUY,6855078098623266838,AUTO_MATCH,REALTIME
HK.999010,2020-07-30 09:24:07,24948.0,1,24948.0,BUY,6855078102918234127,AUTO_MATCH,REALTIME
HK.999010,2020-07-30 09:24:08,24950.0,1,24950.0,NEUTRAL,6855078107213201415,AUTO_MATCH,REALTIME
HK.999010,2020-07-30 09:24:11,24944.0,1,24944.0,BUY,6855078120098103315,AUTO_MATCH,REALTIME
HK.999010,2020-07-30 09:24:12,24942.0,1,24942.0,NEUTRAL,6855078124393070599,AUTO_MATCH,REALTIME
HK.999010,2020-07-30 09:24:13,24944.0,1,24944.0,NEUTRAL,6855078128688037899,AUTO_MATCH,REALTIME
HK.999010,2020-07-30 09:24:13,24943.0,1,24943.0,SELL,6855078128688037902,AUTO_MATCH,REALTIME
HK.999010,2020-07-30 09:24:15,24950.0,1,24950.0,BUY,6855078137277972491,AUTO_MATCH,REALTIME
HK.999010,2020-07-30 09:24:16,24951.0,1,24951.0,NEUTRAL,6855078141572939787,AUTO_MATCH,REALTIME
HK.999010,2020-07-30 09:24:16,24950.0,1,24950.0,SELL,6855078141572939790,AUTO_MATCH,REALTIME
HK.999010,2020-07-30 09:24:19,24954.0,1,24954.0,BUY,6855078154457841667,AUTO_MATCH,REALTIME
HK.999010,2020-07-30 09:24:20,24952.0,1,24952.0,NEUTRAL,6855078158752808967,AUTO_MATCH,REALTIME
HK.999010,2020-07-30 09:24:21,24950.0,1,24950.0,SELL,6855078163047776266,AUTO_MATCH,REALTIME
HK.999010,2020-07-30 09:24:21,24950.0,1,24950.0,SELL,6855078163047776273,AUTO_MATCH,REALTIME
HK.999010,2020-07-30 09:24:25,24949.0,1,24949.0,NEUTRAL,6855078180227645455,AUTO_MATCH,REALTIME
HK.999010,2020-07-30 09:24:27,24950.0,1,24950.0,BUY,6855078188817580039,AUTO_MATCH,REALTIME
HK.999010,2020-07-30 09:24:28,24946.0,2,49892.0,SELL,6855078193112547379,AUTO_MATCH,REALTIME
HK.999010,2020-07-30 09:24:29,24947.0,1,24947.0,NEUTRAL,6855078197407514639,AUTO_MATCH,REALTIME
HK.999010,2020-07-30 09:24:32,24945.0,1,24945.0,NEUTRAL,6855078210292416546,AUTO_MATCH,REALTIME
HK.999010,2020-07-30 09:24:33,24946.0,1,24946.0,NEUTRAL,6855078214587383827,AUTO_MATCH,REALTIME
HK.999010,2020-07-30 09:24:37,24946.0,1,24946.0,NEUTRAL,6855078231767253045,AUTO_MATCH,REALTIME
HK.999010,2020-07-30 09:24:41,24952.0,1,24952.0,NEUTRAL,6855078248947122221,AUTO_MATCH,REALTIME
HK.999010,2020-07-30 09:24:45,24947.0,1,24947.0,NEUTRAL,6855078266126991367,AUTO_MATCH,REALTIME
HK.999010,2020-07-30 09:24:46,24944.0,1,24944.0,SELL,6855078270421958667,AUTO_MATCH,REALTIME
HK.999010,2020-07-30 09:24:49,24947.0,1,24947.0,NEUTRAL,6855078283306860563,AUTO_MATCH,REALTIME
HK.999010,2020-07-30 09:24:53,24946.0,1,24946.0,NEUTRAL,6855078300486729735,AUTO_MATCH,REALTIME
HK.999010,2020-07-30 09:24:55,24946.0,1,24946.0,BUY,6855078309076664327,AUTO_MATCH,REALTIME
HK.999010,2020-07-30 09:24:55,24944.0,1,24944.0,SELL,6855078309076664338,AUTO_MATCH,REALTIME
HK.999010,2020-07-30 09:24:56,24941.0,1,24941.0,SELL,6855078313371631643,AUTO_MATCH,REALTIME
HK.999010,2020-07-30 09:24:57,24940.0,1,24940.0,SELL,6855078317666598919,AUTO_MATCH,REALTIME
HK.999010,2020-07-30 09:24:58,24939.0,1,24939.0,SELL,6855078321961566225,AUTO_MATCH,REALTIME
HK.999010,2020-07-30 09:24:58,24939.0,1,24939.0,SELL,6855078321961566228,AUTO_MATCH,REALTIME
HK.999010,2020-07-30 09:24:58,24938.0,1,24938.0,SELL,6855078321961566251,AUTO_MATCH,REALTIME
HK.999010,2020-07-30 09:25:01,24939.0,1,24939.0,SELL,6855078334846468123,AUTO_MATCH,REALTIME
HK.999010,2020-07-30 09:25:01,24937.0,1,24937.0,SELL,6855078334846468142,AUTO_MATCH,REALTIME
HK.999010,2020-07-30 09:25:01,24932.0,1,24932.0,SELL,6855078334846468312,AUTO_MATCH,REALTIME
HK.999010,2020-07-30 09:25:01,24932.0,1,24932.0,SELL,6855078334846468319,AUTO_MATCH,REALTIME
HK.999010,2020-07-30 09:25:01,24931.0,1,24931.0,SELL,6855078334846468338,AUTO_MATCH,REALTIME
HK.999010,2020-07-30 09:25:02,24930.0,1,24930.0,NEUTRAL,6855078339141435411,AUTO_MATCH,REALTIME
HK.999010,2020-07-30 09:25:02,24937.0,1,24937.0,BUY,6855078339141435430,AUTO_MATCH,REALTIME
HK.999010,2020-07-30 09:25:02,24936.0,1,24936.0,SELL,6855078339141435473,AUTO_MATCH,REALTIME
HK.999010,2020-07-30 09:25:04,24942.0,1,24942.0,BUY,6855078347731370081,AUTO_MATCH,REALTIME
HK.999010,2020-07-30 09:25:05,24940.0,1,24940.0,NEUTRAL,6855078352026337291,AUTO_MATCH,REALTIME
HK.999010,2020-07-30 09:25:09,24944.0,1,24944.0,NEUTRAL,6855078369206206483,AUTO_MATCH,REALTIME
HK.999010,2020-07-30 09:25:12,24941.0,1,24941.0,BUY,6855078382091108371,AUTO_MATCH,REALTIME
HK.999010,2020-07-30 09:25:13,24938.0,1,24938.0,NEUTRAL,6855078386386075680,AUTO_MATCH,REALTIME
HK.999010,2020-07-30 09:25:17,24938.0,1,24938.0,NEUTRAL,6855078403565944851,AUTO_MATCH,REALTIME
HK.999010,2020-07-30 09:25:21,24939.0,1,24939.0,NEUTRAL,6855078420745814034,AUTO_MATCH,REALTIME
HK.999010,2020-07-30 09:25:23,24939.0,10,249390.0,NEUTRAL,6855078429335748619,AUTO_MATCH,REALTIME
HK.999010,2020-07-30 09:25:25,24940.0,1,24940.0,NEUTRAL,6855078437925683211,AUTO_MATCH,REALTIME
HK.999010,2020-07-30 09:25:29,24941.0,1,24941.0,NEUTRAL,6855078455105552407,AUTO_MATCH,REALTIME
HK.999010,2020-07-30 09:25:30,24939.0,1,24939.0,SELL,6855078459400519687,AUTO_MATCH,REALTIME
HK.999010,2020-07-30 09:25:31,24939.0,1,24939.0,NEUTRAL,6855078463695486979,AUTO_MATCH,REALTIME
HK.999010,2020-07-30 09:25:31,24939.0,1,24939.0,NEUTRAL,6855078463695486982,AUTO_MATCH,REALTIME
HK.999010,2020-07-30 09:25:32,24940.0,1,24940.0,NEUTRAL,6855078467990454294,AUTO_MATCH,REALTIME
HK.999010,2020-07-30 09:25:33,24940.0,1,24940.0,NEUTRAL,6855078472285421575,AUTO_MATCH,REALTIME
HK.999010,2020-07-30 09:25:36,24936.0,1,24936.0,SELL,6855078485170323507,AUTO_MATCH,REALTIME
HK.999010,2020-07-30 09:25:36,24936.0,1,24936.0,SELL,6855078485170323514,AUTO_MATCH,REALTIME
HK.999010,2020-07-30 09:25:38,24935.0,1,24935.0,NEUTRAL,6855078493760258055,AUTO_MATCH,REALTIME
HK.999010,2020-07-30 09:25:42,24931.0,1,24931.0,NEUTRAL,6855078510940127247,AUTO_MATCH,REALTIME
HK.999010,2020-07-30 09:25:42,24930.0,1,24930.0,NEUTRAL,6855078510940127270,AUTO_MATCH,REALTIME
HK.999010,2020-07-30 09:25:46,24925.0,1,24925.0,NEUTRAL,6855078528119996483,AUTO_MATCH,REALTIME
HK.999010,2020-07-30 09:25:46,24924.0,1,24924.0,SELL,6855078528119996486,AUTO_MATCH,REALTIME
HK.999010,2020-07-30 09:25:46,24926.0,1,24926.0,BUY,6855078528119996535,AUTO_MATCH,REALTIME
HK.999010,2020-07-30 09:25:47,24927.0,1,24927.0,BUY,6855078532414963735,AUTO_MATCH,REALTIME
HK.999010,2020-07-30 09:25:47,24927.0,1,24927.0,SELL,6855078532414963785,AUTO_MATCH,REALTIME
HK.999010,2020-07-30 09:25:47,24927.0,1,24927.0,SELL,6855078532414963792,AUTO_MATCH,REALTIME
HK.999010,2020-07-30 09:25:47,24927.0,1,24927.0,SELL,6855078532414963799,AUTO_MATCH,REALTIME
HK.999010,2020-07-30 09:25:49,24923.0,1,24923.0,SELL,6855078541004898319,AUTO_MATCH,REALTIME
HK.999010,2020-07-30 09:25:50,24926.0,2,49852.0,NEUTRAL,6855078545299865638,AUTO_MATCH,REALTIME
HK.999010,2020-07-30 09:25:50,24926.0,1,24926.0,NEUTRAL,6855078545299865645,AUTO_MATCH,REALTIME
HK.999010,2020-07-30 09:25:55,24926.0,1,24926.0,NEUTRAL,6855078566774702091,AUTO_MATCH,REALTIME
HK.999010,2020-07-30 09:25:55,24927.0,1,24927.0,BUY,6855078566774702098,AUTO_MATCH,REALTIME
HK.999010,2020-07-30 09:25:56,24928.0,1,24928.0,BUY,6855078571069669406,AUTO_MATCH,REALTIME
HK.999010,2020-07-30 09:25:56,24929.0,1,24929.0,BUY,6855078571069669409,AUTO_MATCH,REALTIME
HK.999010,2020-07-30 09:25:57,24926.0,1,24926.0,SELL,6855078575364636691,AUTO_MATCH,REALTIME
HK.999010,2020-07-30 09:25:59,24926.0,1,24926.0,BUY,6855078583954571279,AUTO_MATCH,REALTIME
